1920 3564
146 193 224 264 204
274 175 394 241 Fan.
419 173 792 242 AEsorrnnunr'

145 295 184 345 Ac
196 295 298 362 denique
310 296 379 344 nullis
390 295 479 362 ignium
489 311 529 344 me
539 293 628 344 viribus

146 369 219 418 Verri
233 369 257 417 in
267 369 359 418 favillas
370 368 436 433 polle
448 402 455 427 ,
474 368 538 434 quod
553 368 625 418 certis
635 368 679 417 sihi

145 443 240 492 Notum
251 441 298 491 elio
309 443 437 507 multisque
449 441 619 506 experimentis
630 459 716 510 graves

146 514 179 564 Et
191 514 279 564 eruditi
291 514 424 563 docuerunt
434 513 490 562 olim
501 513 554 562 viri.

145 587 215 650 Quid
225 589 293 654 plura
305 585 316 636 i
333 587 407 636 debes
418 586 458 634 vel
471 587 518 635 tuis
528 586 680 652 praeconibus
928 632 929 645 ,

145 661 231 712 Fidem
242 662 331 710 habere
339 659 428 709 nullam
438 692 445 716 ,
456 661 496 708 vel
509 651 609 708 credere
622 661 647 710 bt
657 659 681 708 id
692 693 699 717 ‚
711 661 777 726 quod
786 664 874 744 voltpr,

147 733 211 792 Me,
227 733 301 798 qualis
311 733 394 782 adsum
405 747 467 781 nuuc
477 732 520 796 tibi
531 765 538 792 ,
555 749 594 782 me
606 731 696 782 scilicet

147 808 276 871 Nunquam
287 805 397 856 exstitisse
408 822 416 864 ;
430 816 504 870 teque
515 804 614 854 flammis
625 817 674 854 tam
686 805 735 856 cirri

146 879 249 936 Aboleri
262 879 357 928 facilem
369 913 376 938 ,
394 889 419 928 te
431 877 527 927 caducis
537 877 661 928 frondibus

111 953 115 960 ’
145 952 303 1012 inllrudlam,
316 951 406 1004 Laricis
421 951 468 1002 effe
481 950 637 1016 reputandam
652 953 719 1003 loco.

146 1025 232 1074 Meum
245 1037 269 1073 at
280 1038 328 1074 tam
337 1025 418 1090 dispar
428 1057 435 1080 ‚
450 1036 498 1073 tam
509 1022 583 1089 longd
593 1024 703 1089 praestans
717 1039 765 1078 ruo

147 1096 234 1146 Genus
249 1113 382 1156 reverere3
400 1094 468 1160 cujus
483 1097 672 1157 excellentiam,

146 1170 300 1236 Laudemque
310 1167 376 1220 filias
387 1169 499 1218 aestimare
510 1168 601 1219 fabulas

146 1243 233 1294 Critici
243 1243 262 1293 si
273 1255 375 1314 pergant
386 1276 393 1301 ,
408 1243 456 1292 hoc
466 1242 511 1292 sibi
523 1241 609 1292 ditium
619 1255 705 1310 putent
717 1261 725 1296 ε

146 1317 171 1367 N
174 1335 205 1366 un
220 1318 313 1384 semper
326 1315 425 1368 inficiari
438 1315 515 1377 licet,
528 1317 570 1368 ubi
582 1333 632 1368 non
645 1318 733 1386 liquet·

152 1433 930 1534 cm'ssfflezael

277 1560 611 1690 rnouun
660 1615 750 1692 v1.
844 1587 855 1600 “

362 1759 668 1874 ΕάεναᾶΜιιηιε.

145 1866 217 1981 Pr
225 1912 273 1982 tint
283 1943 293 1980 r
304 1944 372 1982 m
385 1965 393 1990 ,
410 1931 470 1983 dixit
482 1931 559 1983 Edeta
574 1933 649 1987 Muto
660 1935 809 2000 blandiens,

141 2003 180 2053 Ut
191 2004 279 2072 fragilis
291 2039 300 2066 ,
315 2005 341 2056 δι
351 2021 390 2056 me
402 2005 512 2056 sustinere
524 2009 605 2056 nescia

142 2075 200 2126 Tibi
214 2090 262 2127 tarn
276 2078 368 2136 stabili,
386 2091 482 2143 tamque
493 2077 565 2128 firmo
577 2080 722 2134 adhaeream.

142 2148 215 2198 Haud
225 2149 304 2199 renuit
318 2151 358 2199 ille
368 2165 376 2208 3
396 2162 422 2199 at
434 2151 538 2201 sentiens
547 2155 610 2203 hanc
619 2155 790 2220 pollmoddm,

142 2222 260 2288 Stirpibus
275 2221 340 2281 hic,
360 2222 414 2274 illic
428 2223 509 2274 furtim
523 2229 719 2291 permeantibus,

142 2294 267 2346 Carmenta
279 2297 373 2348 solvere
385 2331 393 2356 ,
411 2297 551 2364 &lapidum
566 2303 733 2370 compaginem

141 2367 255 2428 Lauare,
272 2371 400 2434 queritur;
416 2372 548 2436 horumque
563 2387 715 2427 communem
731 2390 824 2446 rogat,

140 2440 300 2508 Disrumpere
313 2443 373 2490 velir
386 2441 485 2491 nexibus
500 2447 649 2496 consortium
755 2459 758 2467 ⁴

139 2512 208 2564 Male
219 2514 329 2564 ominaris
339 2514 422 2564 initum
436 2547 444 2572 ,
464 2515 491 2566 ἃ
503 2515 594 2581 ejicere
608 2523 694 2586 procul

140 2584 249 2638 Plantam
264 2588 352 2638 nocivo
366 2588 410 2636 sibi
424 2586 530 2656 jugatum
544 2592 645 2644 foedere.

178 2659 252 2711 Audit
262 2661 385 2727 querentis
398 2662 471 2712 herus
481 2679 566 2732 preces
575 2698 586 2724 ¹,
606 2665 761 2733 &approbat
771 2685 781 2729 3

139 2730 280 2798 stirpesque
291 2747 370 2785 tentat
383 2736 467 2786 noxias
478 2739 597 2786 revellere
611 2755 619 2796 3
674 2779 677 2784 .

138 2803 173 2852 At
186 2800 239 2852 clim
252 2821 296 2869 per
310 2823 393 2858 omnes
404 2807 470 2878 Muri
484 2810 645 2876 penetrdffent
660 2829 733 2868 cavos
745 2845 753 2874 2

138 2873 323 2943 Tenacibusque
334 2880 454 2933 haererent
464 2874 605 2934 internodiis
616 2917 624 2944 ‚
