1928 3554
216 221 636 299 APPENDIL
746 258 869 332 ffl1·

109 335 159 387 Hic
169 337 205 388 vir
213 341 253 391 hic
262 341 295 392 eli
308 358 317 394 t
329 343 388 395 felix
400 344 406 394 !
420 344 460 405 si,
472 358 512 396 tot
525 365 589 399 nunc
601 350 659 400 dura
670 351 773 410 ferendo

72 408 124 474 Qui
133 427 232 478 superat
244 447 253 474 ,
266 433 320 466 non
329 417 393 468 ferre
404 420 461 471 olim
470 422 581 488 graviora
590 439 697 478 recuset.

73 484 150 542 Heu,
166 487 263 555 fragiles
272 490 394 549 hominurn
405 505 499 545 mentes
514 493 519 543 !
534 496 596 544 Tam
605 497 727 563 splendida
737 504 823 561 Virtus

73 557 175 608 Dudum
185 561 320 625 perstiterat
329 565 430 624 vitlrix,
447 580 593 635 poteratque
602 571 679 623 videri
757 626 759 630 ,

76 631 166 681 Omnia
176 634 242 698 polle
252 637 302 702 pati
312 671 319 696 ‚
335 639 380 689 nisi
390 651 474 690 contra
486 641 609 708 insurgat,
624 644 649 696 ἃ
659 646 736 712 ipsurn

77 705 187 756 Vincere
198 725 253 759 cum
265 710 329 760 vitto
337 711 423 764 Caesar
433 713 493 762 velit
504 715 574 764 Orbe
587 716 716 774 Catonem.

78 777 208 832 Debuerat
219 784 327 849 perferre
337 785 421 844 Cato,
439 787 503 854 quod
513 789 572 840 Fata
585 793 705 858 negabant

80 850 211 920 Corrigere
223 871 231 906 t
243 869 375 910 extremam
382 860 445 908 hanc
456 861 564 912 durando
574 863 673 916 vincere
683 868 771 924 sortem

81 923 211 980 Debuerat
223 945 230 980 z
243 930 284 979 sed
294 931 357 980 enim
367 932 453 983 iratius
466 967 473 992 ,
489 945 592 1002 totoque
601 938 705 992 minutus
716 943 729 992 b

83 997 183 1058 Corde,
200 1003 266 1053 malis
279 1005 370 1065 cessit3
386 1005 458 1071 se'que
470 1007 563 1072 ipsum,
578 1010 709 1078 ipsosque,
725 1020 790 1072 tueri

83 1069 154 1132 Quos
164 1077 242 1126 voluit
252 1076 334 1128 frustra
346 1112 354 1138 ‚
371 1079 487 1130 Romanae
500 1079 588 1132 Gentis
597 1084 705 1140 honores

82 1141 278 1200 Polluit—infando
287 1151 378 1202 scelere
390 1169 400 1212 ς
415 1153 440 1203 δι
454 1156 570 1207 conscivit
577 1156 682 1224 iniquam

83 1217 245 1289 ignaramque
256 1223 301 1274 sibi
310 1225 421 1275 violento
430 1227 531 1276 vulnere
540 1242 654 1280 mortem.

120 1291 153 1342 At
164 1293 226 1362 saepe
234 1298 344 1356 insontes
355 1297 445 1353 furiosa
456 1297 581 1349 calumnia
593 1302 655 1354 vitas

84 1363 169 1416 Afficit
180 1370 297 1420 obscoeno
309 1369 373 1420 ta8tu
386 1387 395 1430 ς
408 1387 538 1438 morsuque
549 1374 665 1428 lacessens

85 1437 202 1491 Pestifero
207 1443 309 1493 onaculis
316 1445 435 1512 'inspergit
444 1445 542 1495 candida
553 1447 626 1514 nigris
638 1465 648 1501 t

85 1511 118 1562 Et
127 1512 172 1577 qui
183 1515 302 1584 sacrilegae
311 1516 384 1568 Peliis
395 1517 480 1567 subtile
489 1536 609 1571 venenum

85 1586 166 1636 Vitari
177 1601 229 1637 arte
239 1602 312 1656 queat
323 1589 333 1640 i
349 1588 408 1654 Qub
418 1591 469 1640 sese
479 1591 562 1656 purior
573 1595 667 1654 ollertj

85 1656 143 1708 Hbc
157 1658 234 1710 fraudi
246 1664 320 1730 magis
333 1661 367 1728 eil
377 1665 476 1729 impurae
490 1665 595 1716 obnoxia
606 1668 705 1730 Virtus.¹

87 1732 202 1784 Attamen
208 1731 292 1786 inferri
301 1753 456 1804 quecumque
465 1737 563 1788 infamia
577 1742 675 1806 possit,

86 1804 155 1867 Quid
169 1820 243 1858 nocet
255 1808 366 1860 insonti?
383 1810 492 1860 summam
505 1815 622 1863 tentantia
633 1817 722 1880 pellent

88 1877 186 1943 Spicula
194 1882 333 1948 quid-corde
342 1882 468 1930 admittis?
487 1881 575 1932 Procul
585 1887 638 1934 haec
651 1905 696 1954 age
711 1893 794 1947 damna

6 1963 13 1972 ‘
88 1949 202 2011 Excuter
218 1963 319 2004 nontua
333 1952 395 2012 supr.
405 1953 506 2003 Sentis?
522 1956 566 2005 tibi
579 1959 674 2023 propria
683 1965 775 2022 reddis.

88 2023 156 2077 Dum
167 2026 241 2084 silet,
257 2025 284 2076 ἃ
296 2025 375 2076 secum
385 2027 470 2079 Virtus
479 2028 576 2078 immota
591 2032 694 2096 quiescit

90 2097 197 2149 Socratis
212 2116 220 2150 t
236 2098 346 2167 Evigila‚
364 2099 485 2159 clamant;
503 2101 595 2156 enitere
608 2105 682 2155 vitam

91 2170 215 2223 Excusare
226 2185 309 2230 tuam,
324 2173 362 2222 cui
373 2189 422 2222 non
432 2174 539 2241 infligere
551 2175 623 2227 ceffat

92 2243 189 2310 Turpes
197 2246 233 2295 vis
241 2246 334 2295 inimica
343 2252 422 2296 notas.
432 2247 449 2295 F
452 2247 523 2296 r'ullra
534 2281 540 2305 ,
554 2249 630 2315 inquit
641 2285 649 2310 ‚
667 2252 763 2319 Amici,

93 2317 186 2368 instatis
198 2335 206 2375 ;
223 2319 290 2386 quasi
298 2318 340 2368 sim
351 2352 358 2377 ‚
373 2333 444 2386 quem
453 2319 517 2369 foeda
526 2321 649 2374 calumnia
658 2337 758 2396 tangat:

93 2391 151 2440 Non
161 2409 216 2450 me,
233 2391 273 2442 sed
282 2391 423 2446 sceleratum
430 2393 550 2444 bominem
561 2396 622 2460 petit
630 2398 718 2451 inscius
728 2421 807 2460 error.

92 2463 207 2531 Denique
217 2482 265 2516 non
274 2467 347 2533 magis
363 2465 395 2515 est
405 2466 518 2518 damnosa
529 2468 646 2520 calumnia
659 2470 673 2522 J
676 2473 726 2524 ullo

94 2535 256 2602 Prudentique
268 2541 335 2598 viro,
350 2540 450 2606 qubrnsi
463 2557 532 2607 quem
546 2558 648 2609 corpore
664 2545 742 2598 lanum
750 2583 759 2610 ,

94 2609 298 2678 Praevalidumque
308 2645 315 2672 ,
333 2614 411 2680 gravis
421 2625 539 2662 tentatum
549 2619 649 2667 vulnere
659 2621 736 2672 morbi

94 2683 240 2734 Decubuille
253 2687 331 2734 lerant
346 2702 352 2735 :
365 2698 390 2734 at
400 2685 489 2736 viribus
500 2688 540 2736 ille
548 2691 657 2754 probatis

95 2757 193 2807 innixus
203 2757 276 2810 llultae
285 2759 346 2808 ridet
354 2759 477 2808 mendacia
485 2761 581 2829 linguae.

85 2929 90 2937 .
120 2898 219 2940 octeno
232 2901 256 2940 tlt
268 2900 324 2941 linib-
338 2899 412 2943 bonor„
427 2899 447 2940 bt
459 2901 833 2956 mator.¹1.ib.t.cap.xvm..rrn

52 2987 54 2992 .
98 2949 181 2993 minuti,
193 2949 211 2990 δ’
222 2952 309 3002 angusti,
322 2963 355 2988 aur
367 2953 431 2990 omnia
439 2949 513 3004 semper
523 2953 657 3003 desperantes,
670 2954 707 2994 ee.
