1928 3554
130 155 205 226 280
260 155 377 222 Fra.
403 153 765 228 AEsorrnnvn

130 277 229 344 lcluque
244 278 330 327 crebro
342 277 443 325 inertem
459 275 549 332 caedit3
569 272 593 324 δι
608 273 703 338 probris

131 349 246 407 Onerat,
265 345 397 417 fatigatque
415 348 480 398 omni
494 345 651 398 contumelii.

168 423 204 472 lbi
215 422 321 473 militaris
332 423 366 472 nil
375 420 443 488 juvat
456 422 546 488 species
558 454 566 479 ‚
583 419 623 470 ubi

132 495 274 548 Occasione
287 493 368 548 deficit
378 495 469 545 animus
485 494 549 544 dati.

138 635 866 708 «πψέὲξπε»

219 791 303 864 ΕΑ
324 787 509 864 BULA
558 785 788 906 XXXIV.

349 913 647 1046 ''Felisbcanine

133 1069 304 1194 Far-att,
322 1131 462 1200 canemque
475 1133 549 1200 longa
565 1134 719 1185 contubernii

130 1208 294 1260 Necessitudo
309 1207 342 1258 ita
357 1208 460 1258 invicem
476 1207 655 1273 coniunxerat,

131 1283 167 1332 Ut
179 1283 250 1334 etiam
264 1284 325 1348 saepe
338 1279 444 1331 mutulam
456 1281 619 1332 colluderent.

130 1355 235 1407 Miratus
252 1354 335 1422 aliquis
347 1386 354 1412 .
372 1354 436 1420 qnod
448 1352 590 1404 Animalinm
604 1354 628 1403 in
641 1369 720 1422 genus

130 1427 193 1477 Tam
204 1429 283 1494 dispar
294 1428 392 1478 caderet
407 1441 471 1477 tanta
483 1427 627 1476 familiaritas
640 1459 648 1484 ‚

78 1553 80 1558 ,
130 1501 229 1552 Naturae
240 1501 356 1568 quandam
368 1500 535 1560 conciliatricis
546 1499 618 1549 fidem
686 1559 689 1564 ,

131 1572 262 1624 Occulram
274 1607 281 1634 ,
295 1570 363 1623 tanti
376 1571 505 1622 firmiorem
519 1570 622 1624 credidit
698 1577 703 1584 '
722 1579 727 1586 '

130 1646 228 1696 snbeffe
240 1647 372 1711 utrinque,
391 1643 569 1712 quantitati&
582 1645 656 1695 foret.

128 1719 162 1769 At
176 1736 251 1777 mox,
269 1719 362 1784 utrique
379 1717 432 1768 citm
447 1719 554 1768 ciborum
569 1719 680 1784 reliquias

129 1791 265 1858 Projiceret
277 1791 300 1841 in
314 1807 461 1850 commune,
480 1804 506 1840 ut
521 1793 625 1842 advertit
640 1789 692 1858 pari

130 1866 295 1916 Contentione
308 1865 412 1932 predam
425 1865 511 1914 abillis
525 1864 644 1921 distrahi,

128 1939 261 2005 Rixamque
277 1939 412 1996 concitari,
430 1955 531 2006 pugnam
549 1937 652 2002 denique

130 2012 250 2079 Pugnari,
271 2024 304 2066 ut
312 2011 382 2064 Feles
393 2013 455 2060 inter
468 2012 493 2061 &
506 2009 584 2059 Canes
599 2009 660 2060 sol'et
674 2018 682 2059 l

129 2085 215 2134 Vestra
227 2117 235 2142 ,
247 2084 263 2133 ὂ
274 2087 361 2141 mala,
378 2084 453 2148 inquit
466 2116 473 2141 ‚
489 2081 589 2141 Bestiae,
605 2082 700 2132 indoles
713 2087 782 2148 patet
794 2097 803 2134 ε

129 2159 202 2214 Vos,
219 2155 309 2214 video,
328 2156 391 2204 nulla
406 2156 441 2204 vis
457 2156 566 2206 amicitiae
583 2156 648 2220 priris

131 2228 283 2295 conjunxit,
301 2226 349 2277 sola
365 2229 406 2278 sed
419 2229 493 2278 libido
503 2230 628 2294 perpulit:

131 2305 194 2352 Nam
205 2302 244 2352 vix
259 2301 355 2368 utrique
371 2303 496 2351 commoda
507 2319 547 2351 res
557 2299 721 2370 proponitur,

132 2376 261 2426 Discordia
271 2375 341 2424 simul
351 2375 427 2425 media
438 2391 482 2426 vos
493 2377 557 2426 inter
567 2375 643 2426 venit.

156 2530 166 2555 c
178 2513 295 2564 Furctlcrc,
308 2511 355 2554 aaa.
366 2511 470 2558 XXXIV.
