1982 3570
204 223 672 294 PnAErnrro
744 223 835 314 nn

130 341 308 402 Hsurrcus
327 341 479 404 Richerius
496 342 682 405 Normannus
699 342 835 418 Parisiis,

90 445 168 483 anno
185 422 261 499 1748
281 423 329 484 die
348 443 382 482 12
393 423 513 498 Martii,
529 423 566 484 de
580 427 641 484 viti
654 425 779 486 decessit
789 423 837 486 se-

91 507 249 587 xagenario
260 501 364 584 major.
375 504 519 584 Quamvis
528 505 576 565 ille
591 522 697 564 conatu
706 505 838 586 aliquan-

93 585 132 645 do
150 587 245 646 minus
260 585 340 646 felici
357 584 468 646 facetus
487 583 543 646 effe
561 585 689 647 voluerit
707 606 717 658 3
741 605 837 667 neque

92 666 158 727 satis
170 668 278 728 virtute
292 667 419 749 quidam
429 667 545 748 poiticit
559 666 672 748 pollere
682 665 815 726 videatur
831 687 838 724 ε

94 745 216 828 scriptor
232 764 331 808 tamen
340 747 536 830 apologorum
546 747 717 830 gallicorum
727 745 842 820 nullus,

96 849 166 889 meo
184 827 318 908 judicio,
338 828 466 902 exstitit,
505 831 534 888 ui
546 829 583 890 ab
600 829 744 911 elegantiis
759 828 842 888 Fon-

97 927 193 986 tanae,
209 912 260 972 vix·
270 909 303 969 ὃ(
317 931 355 970 ne
370 913 421 972 vix
431 850 549 991 quiriem
558 909 707 982 imitabili,
722 911 842 992 propiirs

100 987 219 1051 abesset.
237 990 366 1072 Reliquit
385 992 463 1051 certe
474 989 624 1051 Richerius
641 987 738 1050 noster
751 992 845 1050 inter-

98 1070 180 1133 vallo
200 1088 331 1133 remotos
344 1070 417 1150 infra
431 1071 460 1133 se
474 1117 484 1146 ‚
499 1072 591 1155 longo
609 1071 728 1156 quidem
746 1069 845 1132 Anto-

99 1151 380 1215 nium-Ludovicum
398 1157 438 1214 Le
447 1156 526 1214 Bnm
539 1151 601 1214 fato
620 1152 749 1214 fuan
766 1151 846 1212 Pari-

101 1235 148 1294 siis
166 1255 244 1294 anno
267 1253 340 1312 1743
354 1279 365 1307 ‚
378 1235 548 1316 longissimo
566 1251 666 1294 autem
682 1231 847 1292 Antonium

101 1316 245 1375 Houdard
256 1318 288 1373 de
302 1303 447 1372 laMottlre
463 1311 573 1372 ibidem
588 1334 664 1372 anno
679 1330 753 1389 1731
769 1357 780 1385 ‚
795 1312 847 1370 de·

103 1410 277 1469 mortuum,
300 1388 380 1474 cuju's
396 1391 508 1452 fabellae
526 1416 543 1474 q
559 1412 653 1474 prope
671 1411 774 1452 omnes
795 1391 850 1452 de·-

103 1473 290 1549 monstrant‚
315 1474 352 1534 ab
376 1473 540 1534 hominibus
562 1474 736 1554 antiquitatis
757 1493 850 1532 nureae

106 1555 380 1636 contemptoribus,
394 1555 526 1638 quamvis
536 1553 663 1637 alioquin
673 1555 830 1636 ingeniosis
843 1598 853 1628 ,

106 1657 153 1698 res
166 1636 338 1718 plerumque
349 1637 443 1698 &exc
487 1638 549 1695 'tari
557 1655 659 1717 parum
670 1635 851 1716 plausibiles,

111 1718 146 1778 &
156 1715 265 1778 infelici
275 1719 393 1800 prorsits
404 1720 455 1778 art'
479 1720 525 1778 cio
535 1719 712 1778 concinnari.

147 1891 162 1942 q
181 1875 248 1926 inter
258 1875 365 1926 Fabellas
374 1873 442 1941 ejus,
452 1892 526 1944 quas,
535 1890 636 1925 numero
645 1873 740 1940 quidem
749 1889 837 1939 paucas
847 1907 854 1931 ‚

115 1948 195 2014 excipi
212 1949 241 1998 de
259 1950 346 1998 ceteris
362 1949 453 2006 velim,
474 1947 591 1997 initianda
609 1949 744 2014 praesertim
760 1947 857 1998 videtur

113 2021 188 2070 tertia
202 2022 256 2070 libri
269 2021 387 2078 secundi,
401 2021 431 2072 de
445 2021 525 2072 Puero
540 2021 566 2072 ὅ(
577 2021 711 2072 Avellanis.

227 2243 755 2323 EXPLICATIO

139 2392 846 2454 noNPnAErnnnvNon

124 2501 286 2592 Perrsnutsr
300 2542 356 2581 multi
367 2570 373 2589 ,
384 2551 407 2582 ut
418 2553 443 2580 ex
454 2539 484 2580 bis
498 2543 546 2580 meis
561 2541 657 2588 labellis,
673 2553 756 2582 numero
769 2543 811 2584 fere
824 2553 866 2584 tre-

127 2594 191 2633 centis
202 2603 225 2629 sc
235 2591 373 2642 qninquaginta
380 2603 431 2630 nunc
441 2589 498 2629 simui
506 2589 639 2636 exstantibus,
649 2603 696 2642 quas
707 2595 866 2644 excogitassem,

127 2640 257 2682 declararem.
274 2639 345 2677 Dicam
356 2647 405 2690 ergo
422 2638 476 2678 bone
492 2637 549 2676 licie:
564 2637 701 2724 (ἐυκςυπιςυε
716 2651 829 2691 argumente
845 2641 869 2680 ab

128 2693 171 2732 nius
189 2687 243 2727 fuisse
255 2688 335 2726 trullam
346 2687 483 2740 scriptoribus
494 2698 534 2725 non
547 2689 567 2725 in
580 2689 632 2734 ico,
646 2690 761 2734 scennis,
777 2692 795 2730 si
807 2703 869 2730 exce.

131 2742 185 2792 peris
196 2735 281 2774 fabulam
294 2736 318 2774 de
331 2735 408 2782 Gutta,
421 2734 488 2775 Ponto
501 2760 506 2780 ,
524 2735 544 2773 δι
557 2731 630 2774 Ollreo
643 2757 649 2781 ‚
677 2749 707 2774 uae
720 2737 867 2783 involuerint,

131 2788 201 2827 nescio
220 2797 277 2836 quo,
294 2783 414 2836 Spessatoris
426 2784 507 2836 Anglici
521 2785 651 2830 concinetur,
670 2783 726 2824 abre
740 2785 778 2826 effe
791 2789 870 2826 inventa

132 2836 221 2876 existimo
232 2845 237 2872 ι
247 2831 349 2877 eristum,
366 2834 456 2884 inquam·
471 2843 511 2870 non
523 2830 610 2871 allevero
624 2845 629 2870 ι
645 2832 738 2872 nonnulla
749 2837 814 2881 enim,
825 2847 869 2886 quac

134 2884 218 2937 primbm
237 2881 328 2920 invenisse
343 2893 375 2920 me
388 2861 529 2926 creditlersru,
547 2879 610 2920 ebena
623 2880 767 2932 postmodnm&
793 2883 871 2923 erlettts

136 2930 252 2985 quibusdem
264 2929 320 2970 libris
333 2931 443 2982 recognovi
455 2955 461 2978 ,
477 2927 554 2982 suisque
565 2929 703 2971 inventoribus
715 2897 799 2972 rendili.
