<?xml version="1.0" encoding="UTF-8"?>
<!DOCTYPE html PUBLIC "-//W3C//DTD XHTML 1.0 Transitional//EN"
    "http://www.w3.org/TR/xhtml1/DTD/xhtml1-transitional.dtd">
<html xmlns="http://www.w3.org/1999/xhtml" xml:lang="en" lang="en">
 <head>
  <title>
</title>
<meta http-equiv="Content-Type" content="text/html;charset=utf-8" />
  <meta name='ocr-system' content='tesseract 3.04.00' />
  <meta name='ocr-capabilities' content='ocr_page ocr_carea ocr_par ocr_line ocrx_word'/>
</head>
<body>
  <div class='ocr_page' id='page_1' title='image "./franciscijoseph00aesogoog_0316.png"; bbox 0 0 1928 3554; ppageno 0'>
   <div class='ocr_carea' id='block_1_1' title="bbox 205 199 814 298">
    <p class='ocr_par' dir='ltr' id='par_1_1' title="bbox 205 199 814 298">
     <span class='ocr_line' id='line_1_1' title="bbox 205 199 814 298; baseline 0.013 -34"><span class='ocrx_word' id='word_1_1' title='bbox 205 199 383 268; x_wconf 76' lang='lat' dir='ltr'><em>LIBER</em></span> <span class='ocrx_word' id='word_1_2' title='bbox 407 215 681 272; x_wconf 73' lang='lat' dir='ltr'>mucimus.</span> <span class='ocrx_word' id='word_1_3' title='bbox 738 201 814 298; x_wconf 88' lang='lat'>287</span> 
     </span>
    </p>
   </div>
   <div class='ocr_carea' id='block_1_2' title="bbox 58 318 736 902">
    <p class='ocr_par' dir='ltr' id='par_1_2' title="bbox 58 318 736 752">
     <span class='ocr_line' id='line_1_2' title="bbox 58 318 590 388; baseline -0.004 -16"><span class='ocrx_word' id='word_1_4' title='bbox 58 323 92 372; x_wconf 86' lang='lat' dir='ltr'>Et</span> <span class='ocrx_word' id='word_1_5' title='bbox 109 321 134 374; x_wconf 88' lang='lat' dir='ltr'>in</span> <span class='ocrx_word' id='word_1_6' title='bbox 151 320 263 379; x_wconf 79' lang='lat' dir='ltr'>Bubilia3</span> <span class='ocrx_word' id='word_1_7' title='bbox 281 318 428 388; x_wconf 84' lang='lat' dir='ltr'>miserasque</span> <span class='ocrx_word' id='word_1_8' title='bbox 443 320 590 388; x_wconf 84' lang='lat' dir='ltr'>strangulat,</span> 
     </span>
     <span class='ocr_line' id='line_1_3' title="bbox 60 393 642 462; baseline 0.002 -16"><span class='ocrx_word' id='word_1_9' title='bbox 60 397 205 446; x_wconf 85' lang='lat' dir='ltr'>Lacetatve</span> <span class='ocrx_word' id='word_1_10' title='bbox 220 395 337 462; x_wconf 81' lang='lat' dir='ltr'>pecudes.</span> <span class='ocrx_word' id='word_1_11' title='bbox 351 393 422 444; x_wconf 88' lang='lat' dir='ltr'>Tunc</span> <span class='ocrx_word' id='word_1_12' title='bbox 434 393 518 449; x_wconf 83' lang='lat' dir='ltr'>dolose</span> <span class='ocrx_word' id='word_1_13' title='bbox 534 393 642 459; x_wconf 83' lang='lat' dir='ltr'>perditus</span> 
     </span>
     <span class='ocr_line' id='line_1_4' title="bbox 63 467 609 526; baseline 0.002 -7"><span class='ocrx_word' id='word_1_14' title='bbox 63 471 142 520; x_wconf 87' lang='lat' dir='ltr'>Suam</span> <span class='ocrx_word' id='word_1_15' title='bbox 156 480 298 518; x_wconf 82' lang='lat' dir='ltr'>exsecratur</span> <span class='ocrx_word' id='word_1_16' title='bbox 311 467 474 519; x_wconf 80' lang='lat' dir='ltr'>temeritatem</span> <span class='ocrx_word' id='word_1_17' title='bbox 484 469 609 526; x_wconf 79' lang='lat' dir='ltr'>Villicus3</span> 
     </span>
     <span class='ocr_line' id='line_1_5' title="bbox 63 541 736 610; baseline 0 -18"><span class='ocrx_word' id='word_1_18' title='bbox 63 542 256 610; x_wconf 84' lang='lat' dir='ltr'>Trepidansque</span> <span class='ocrx_word' id='word_1_19' title='bbox 270 541 351 591; x_wconf 81' lang='lat' dir='ltr'>furtim</span> <span class='ocrx_word' id='word_1_20' title='bbox 365 541 500 607; x_wconf 79' lang='lat' dir='ltr'>patefacit,</span> <span class='ocrx_word' id='word_1_21' title='bbox 515 554 626 608; x_wconf 82' lang='lat' dir='ltr'>quantam</span> <span class='ocrx_word' id='word_1_22' title='bbox 640 542 736 608; x_wconf 84' lang='lat' dir='ltr'>potest,</span> 
     </span>
     <span class='ocr_line' id='line_1_6' title="bbox 63 611 643 682; baseline -0.005 -15"><span class='ocrx_word' id='word_1_23' title='bbox 63 619 143 667; x_wconf 82' lang='lat' dir='ltr'>Viam</span> <span class='ocrx_word' id='word_1_24' title='bbox 158 615 236 666; x_wconf 84' lang='lat' dir='ltr'>Leoni</span> <span class='ocrx_word' id='word_1_25' title='bbox 255 630 262 664; x_wconf 78' lang='lat' dir='ltr'>a</span> <span class='ocrx_word' id='word_1_26' title='bbox 279 615 320 681; x_wconf 90' lang='lat' dir='ltr'>qui</span> <span class='ocrx_word' id='word_1_27' title='bbox 330 631 387 664; x_wconf 89' lang='lat' dir='ltr'>mox</span> <span class='ocrx_word' id='word_1_28' title='bbox 397 611 519 682; x_wconf 78' lang='lat' dir='ltr'>egreditur</span> <span class='ocrx_word' id='word_1_29' title='bbox 529 614 624 680; x_wconf 88' lang='lat' dir='ltr'>quidem</span> <span class='ocrx_word' id='word_1_30' title='bbox 636 648 643 674; x_wconf 83' lang='lat'>‚</span> 
     </span>
     <span class='ocr_line' id='line_1_7' title="bbox 66 687 601 752; baseline -0.004 -12"><span class='ocrx_word' id='word_1_31' title='bbox 66 690 104 740; x_wconf 84' lang='lat' dir='ltr'>At</span> <span class='ocrx_word' id='word_1_32' title='bbox 115 688 213 747; x_wconf 65' lang='lat' dir='ltr'>vilior,</span> <span class='ocrx_word' id='word_1_33' title='bbox 231 700 256 737; x_wconf 88' lang='lat' dir='ltr'>at</span> <span class='ocrx_word' id='word_1_34' title='bbox 266 703 353 738; x_wconf 78' lang='lat' dir='ltr'>cruore</span> <span class='ocrx_word' id='word_1_35' title='bbox 366 689 451 752; x_wconf 86' lang='lat' dir='ltr'>plenus</span> <span class='ocrx_word' id='word_1_36' title='bbox 463 720 471 746; x_wconf 83' lang='lat'>‚</span> <span class='ocrx_word' id='word_1_37' title='bbox 491 688 517 738; x_wconf 80' lang='grc' dir='ltr'>δι</span> <span class='ocrx_word' id='word_1_38' title='bbox 528 687 601 738; x_wconf 81' lang='lat' dir='ltr'>latur.</span> 
     </span>
    </p>

    <p class='ocr_par' dir='ltr' id='par_1_3' title="bbox 69 759 673 902">
     <span class='ocr_line' id='line_1_8' title="bbox 106 759 574 828; baseline -0.004 -16"><span class='ocrx_word' id='word_1_39' title='bbox 106 763 148 812; x_wconf 82' lang='lat' dir='ltr'>Ad</span> <span class='ocrx_word' id='word_1_40' title='bbox 158 759 362 813; x_wconf 71' lang='lat' dir='ltr'>incitassedailus</span> <span class='ocrx_word' id='word_1_41' title='bbox 371 760 442 810; x_wconf 82' lang='lat' dir='ltr'>hostis</span> <span class='ocrx_word' id='word_1_42' title='bbox 452 761 574 828; x_wconf 79' lang='lat' dir='ltr'>praeferox</span> 
     </span>
     <span class='ocr_line' id='line_1_9' title="bbox 69 833 673 902; baseline 0.002 -16"><span class='ocrx_word' id='word_1_43' title='bbox 69 836 155 902; x_wconf 75' lang='lat' dir='ltr'>Quim</span> <span class='ocrx_word' id='word_1_44' title='bbox 169 835 201 886; x_wconf 86' lang='lat' dir='ltr'>sit</span> <span class='ocrx_word' id='word_1_45' title='bbox 210 834 350 900; x_wconf 84' lang='lat' dir='ltr'>timendus,</span> <span class='ocrx_word' id='word_1_46' title='bbox 369 833 428 884; x_wconf 90' lang='lat' dir='ltr'>illud</span> <span class='ocrx_word' id='word_1_47' title='bbox 439 835 574 901; x_wconf 81' lang='lat' dir='ltr'>exemplum</span> <span class='ocrx_word' id='word_1_48' title='bbox 589 834 673 887; x_wconf 84' lang='lat' dir='ltr'>docet.</span> 
     </span>
    </p>
   </div>
   <div class='ocr_carea' id='block_1_3' title="bbox 77 973 812 1240">
    <p class='ocr_par' dir='ltr' id='par_1_4' title="bbox 77 973 812 1240">
     <span class='ocr_line' id='line_1_10' title="bbox 77 973 812 1048; baseline -0.003 -9"><span class='ocrx_word' id='word_1_49' title='bbox 77 973 812 1048; x_wconf 45' lang='grc' dir='ltr'>«π--ὲέἶμὲξῦ</span> 
     </span>
     <span class='ocr_line' id='line_1_11' title="bbox 183 1133 807 1240; baseline 0 -38"><span class='ocrx_word' id='word_1_50' title='bbox 183 1133 807 1240; x_wconf 74' lang='lat' dir='ltr'><strong><em>EPILQGUS.&#39;</em></strong></span> 
     </span>
    </p>
   </div>
   <div class='ocr_carea' id='block_1_4' title="bbox 79 1315 614 1448">
    <p class='ocr_par' dir='ltr' id='par_1_5' title="bbox 79 1315 614 1448">
     <span class='ocr_line' id='line_1_12' title="bbox 79 1315 614 1448; baseline -0.006 -15"><span class='ocrx_word' id='word_1_51' title='bbox 79 1315 192 1433; x_wconf 80' lang='lat' dir='ltr'>His</span> <span class='ocrx_word' id='word_1_52' title='bbox 206 1378 298 1432; x_wconf 86' lang='lat' dir='ltr'>lusibus</span> <span class='ocrx_word' id='word_1_53' title='bbox 309 1393 357 1448; x_wconf 78' lang='lat' dir='ltr'>ego</span> <span class='ocrx_word' id='word_1_54' title='bbox 368 1377 487 1430; x_wconf 83' lang='lat' dir='ltr'>leniebam</span> <span class='ocrx_word' id='word_1_55' title='bbox 498 1375 593 1430; x_wconf 78' lang='lat' dir='ltr'>tedium</span> <span class='ocrx_word' id='word_1_56' title='bbox 605 1409 614 1437; x_wconf 80' lang='lat'>,</span> 
     </span>
    </p>
   </div>
   <div class='ocr_carea' id='block_1_5' title="bbox 77 1451 748 2907">
    <p class='ocr_par' dir='ltr' id='par_1_6' title="bbox 77 1451 613 1520">
     <span class='ocr_line' id='line_1_13' title="bbox 77 1451 613 1520; baseline -0.004 -16"><span class='ocrx_word' id='word_1_57' title='bbox 77 1454 102 1504; x_wconf 90' lang='lat' dir='ltr'>Si</span> <span class='ocrx_word' id='word_1_58' title='bbox 117 1453 184 1520; x_wconf 91' lang='lat' dir='ltr'>quod</span> <span class='ocrx_word' id='word_1_59' title='bbox 196 1465 247 1503; x_wconf 87' lang='lat' dir='ltr'>erat</span> <span class='ocrx_word' id='word_1_60' title='bbox 259 1485 269 1512; x_wconf 77' lang='grc'><strong><em>,</em></strong></span> <span class='ocrx_word' id='word_1_61' title='bbox 283 1465 311 1506; x_wconf 89' lang='lat' dir='ltr'>ut</span> <span class='ocrx_word' id='word_1_62' title='bbox 322 1453 349 1502; x_wconf 80' lang='lat' dir='ltr'>fit</span> <span class='ocrx_word' id='word_1_63' title='bbox 361 1486 369 1509; x_wconf 83' lang='lat'>,</span> <span class='ocrx_word' id='word_1_64' title='bbox 386 1451 518 1502; x_wconf 83' lang='lat' dir='ltr'>solitudinis</span> <span class='ocrx_word' id='word_1_65' title='bbox 534 1467 593 1502; x_wconf 75' lang='lat' dir='ltr'>meae</span> <span class='ocrx_word' id='word_1_66' title='bbox 604 1469 613 1510; x_wconf 79' lang='lat'>3</span> 
     </span>
    </p>

    <p class='ocr_par' dir='ltr' id='par_1_7' title="bbox 77 1525 717 2104">
     <span class='ocr_line' id='line_1_14' title="bbox 77 1525 586 1583; baseline -0.002 -7"><span class='ocrx_word' id='word_1_67' title='bbox 77 1527 110 1576; x_wconf 86' lang='lat' dir='ltr'>Et</span> <span class='ocrx_word' id='word_1_68' title='bbox 123 1526 265 1576; x_wconf 82' lang='lat' dir='ltr'>verisimiles</span> <span class='ocrx_word' id='word_1_69' title='bbox 280 1525 461 1579; x_wconf 79' lang='lat' dir='ltr'>comminiscens</span> <span class='ocrx_word' id='word_1_70' title='bbox 476 1525 586 1583; x_wconf 81' lang='lat' dir='ltr'>fabulas,</span> 
     </span>
     <span class='ocr_line' id='line_1_15' title="bbox 80 1595 637 1666; baseline -0.005 -16"><span class='ocrx_word' id='word_1_71' title='bbox 80 1599 196 1651; x_wconf 86' lang='lat' dir='ltr'>Conabar</span> <span class='ocrx_word' id='word_1_72' title='bbox 212 1615 283 1652; x_wconf 88' lang='lat' dir='ltr'>omne</span> <span class='ocrx_word' id='word_1_73' title='bbox 298 1615 347 1650; x_wconf 88' lang='lat' dir='ltr'>non</span> <span class='ocrx_word' id='word_1_74' title='bbox 361 1595 434 1648; x_wconf 74' lang='lat' dir='ltr'>modis</span> <span class='ocrx_word' id='word_1_75' title='bbox 448 1599 552 1648; x_wconf 82' lang='lat' dir='ltr'>ferarum</span> <span class='ocrx_word' id='word_1_76' title='bbox 562 1613 637 1666; x_wconf 84' lang='lat' dir='ltr'>genus</span> 
     </span>
     <span class='ocr_line' id='line_1_16' title="bbox 79 1671 669 1736; baseline -0.01 -10"><span class='ocrx_word' id='word_1_77' title='bbox 79 1673 212 1732; x_wconf 78' lang='lat' dir='ltr'>Animata,</span> <span class='ocrx_word' id='word_1_78' title='bbox 230 1673 271 1724; x_wconf 82' lang='lat' dir='ltr'>sed</span> <span class='ocrx_word' id='word_1_79' title='bbox 282 1689 321 1724; x_wconf 81' lang='lat' dir='ltr'>ses</span> <span class='ocrx_word' id='word_1_80' title='bbox 339 1671 410 1724; x_wconf 85' lang='lat' dir='ltr'>etiam</span> <span class='ocrx_word' id='word_1_81' title='bbox 423 1687 475 1736; x_wconf 80' lang='lat' dir='ltr'>quae</span> <span class='ocrx_word' id='word_1_82' title='bbox 488 1671 556 1720; x_wconf 84' lang='lat' dir='ltr'>sensu</span> <span class='ocrx_word' id='word_1_83' title='bbox 568 1682 650 1722; x_wconf 87' lang='lat' dir='ltr'>carent</span> <span class='ocrx_word' id='word_1_84' title='bbox 661 1685 669 1729; x_wconf 68' lang='grc' dir='ltr'>ς</span> 
     </span>
     <span class='ocr_line' id='line_1_17' title="bbox 80 1743 614 1814; baseline -0.009 -16"><span class='ocrx_word' id='word_1_85' title='bbox 80 1746 218 1814; x_wconf 88' lang='lat' dir='ltr'>Mundique</span> <span class='ocrx_word' id='word_1_86' title='bbox 233 1757 379 1799; x_wconf 83' lang='lat' dir='ltr'><strong>concentum</strong></span> <span class='ocrx_word' id='word_1_87' title='bbox 392 1743 499 1795; x_wconf 76' lang='lat' dir='ltr'>universi</span> <span class='ocrx_word' id='word_1_88' title='bbox 512 1743 614 1794; x_wconf 85' lang='lat' dir='ltr'>reddere</span> 
     </span>
     <span class='ocr_line' id='line_1_18' title="bbox 81 1817 717 1882; baseline -0.017 -9"><span class='ocrx_word' id='word_1_89' title='bbox 81 1820 241 1873; x_wconf 86' lang='lat' dir='ltr'>Vocaliorem</span> <span class='ocrx_word' id='word_1_90' title='bbox 258 1835 266 1870; x_wconf 75' lang='lat' dir='ltr'>e</span> <span class='ocrx_word' id='word_1_91' title='bbox 281 1831 308 1870; x_wconf 88' lang='lat' dir='ltr'>ut</span> <span class='ocrx_word' id='word_1_92' title='bbox 322 1819 378 1868; x_wconf 84' lang='lat' dir='ltr'>inde</span> <span class='ocrx_word' id='word_1_93' title='bbox 391 1818 469 1882; x_wconf 81' lang='lat' dir='ltr'>possit</span> <span class='ocrx_word' id='word_1_94' title='bbox 479 1817 509 1864; x_wconf 91' lang='lat' dir='ltr'>ad</span> <span class='ocrx_word' id='word_1_95' title='bbox 523 1819 600 1866; x_wconf 91' lang='lat' dir='ltr'>bonos</span> <span class='ocrx_word' id='word_1_96' title='bbox 670 1836 677 1866; x_wconf 76' lang='lat' dir='ltr'>s</span> <span class='ocrx_word' id='word_1_97' title='bbox 711 1852 717 1862; x_wconf 79' lang='grc'>.</span> 
     </span>
     <span class='ocr_line' id='line_1_19' title="bbox 81 1887 648 1961; baseline -0.014 -16"><span class='ocrx_word' id='word_1_98' title='bbox 81 1893 177 1961; x_wconf 83' lang='lat' dir='ltr'>Regina</span> <span class='ocrx_word' id='word_1_99' title='bbox 191 1891 269 1942; x_wconf 74' lang='lat' dir='ltr'>nostra</span> <span class='ocrx_word' id='word_1_100' title='bbox 283 1892 335 1942; x_wconf 82' lang='lat' dir='ltr'><strong>hae&#39;c</strong></span> <span class='ocrx_word' id='word_1_101' title='bbox 347 1891 419 1942; x_wconf 87' lang='lat' dir='ltr'>Ratio</span> <span class='ocrx_word' id='word_1_102' title='bbox 436 1905 516 1939; x_wconf 80' lang='lat' dir='ltr'>mores</span> <span class='ocrx_word' id='word_1_103' title='bbox 532 1887 622 1939; x_wconf 80' lang='lat' dir='ltr'>instrui.</span> <span class='ocrx_word' id='word_1_104' title='bbox 638 1897 648 1910; x_wconf 77' lang='grc'><strong><em>·</em></strong></span> 
     </span>
     <span class='ocr_line' id='line_1_20' title="bbox 82 1961 648 2034; baseline -0.007 -18"><span class='ocrx_word' id='word_1_105' title='bbox 82 1967 138 2017; x_wconf 89' lang='lat' dir='ltr'>Nec</span> <span class='ocrx_word' id='word_1_106' title='bbox 150 1966 255 2030; x_wconf 86' lang='lat' dir='ltr'>poenitet</span> <span class='ocrx_word' id='word_1_107' title='bbox 270 1981 325 2022; x_wconf 82' lang='lat' dir='ltr'>me,</span> <span class='ocrx_word' id='word_1_108' title='bbox 343 1961 409 2030; x_wconf 81' lang='lat' dir='ltr'>qudd</span> <span class='ocrx_word' id='word_1_109' title='bbox 424 1962 581 2016; x_wconf 83' lang='lat' dir='ltr'>inhonoratos</span> <span class='ocrx_word' id='word_1_110' title='bbox 598 1961 648 2034; x_wconf 54' lang='lat' dir='ltr'>dits</span> 
     </span>
     <span class='ocr_line' id='line_1_21' title="bbox 82 2035 589 2104; baseline -0.012 -16"><span class='ocrx_word' id='word_1_111' title='bbox 82 2039 209 2090; x_wconf 87' lang='lat' dir='ltr'>Tenuibus</span> <span class='ocrx_word' id='word_1_112' title='bbox 219 2038 285 2087; x_wconf 84' lang='lat' dir='ltr'>hisce</span> <span class='ocrx_word' id='word_1_113' title='bbox 294 2037 388 2087; x_wconf 73' lang='lat' dir='ltr'>dedistis</span> <span class='ocrx_word' id='word_1_114' title='bbox 397 2035 476 2091; x_wconf 68' lang='lat' dir='ltr'>studiis</span> <span class='ocrx_word' id='word_1_115' title='bbox 486 2053 553 2104; x_wconf 75' lang='lat' dir='ltr'>agam</span> <span class='ocrx_word' id='word_1_116' title='bbox 565 2051 589 2086; x_wconf 71' lang='grc' dir='ltr'>ι.</span> 
     </span>
    </p>

    <p class='ocr_par' dir='ltr' id='par_1_8' title="bbox 84 2111 557 2182">
     <span class='ocr_line' id='line_1_22' title="bbox 84 2111 557 2182; baseline -0.008 -20"><span class='ocrx_word' id='word_1_117' title='bbox 84 2113 133 2162; x_wconf 89' lang='lat' dir='ltr'>Sed</span> <span class='ocrx_word' id='word_1_118' title='bbox 151 2113 175 2161; x_wconf 92' lang='lat' dir='ltr'>in</span> <span class='ocrx_word' id='word_1_119' title='bbox 190 2123 286 2162; x_wconf 85' lang='lat' dir='ltr'>remoto</span> <span class='ocrx_word' id='word_1_120' title='bbox 300 2111 458 2180; x_wconf 75' lang='lat' dir='ltr'>praeseptlltus</span> <span class='ocrx_word' id='word_1_121' title='bbox 468 2112 557 2182; x_wconf 65' lang='lat' dir='ltr'>angulo</span> 
     </span>
    </p>

    <p class='ocr_par' dir='ltr' id='par_1_9' title="bbox 85 2179 666 2400">
     <span class='ocr_line' id='line_1_23' title="bbox 85 2179 620 2249; baseline -0.011 -13"><span class='ocrx_word' id='word_1_122' title='bbox 85 2187 224 2236; x_wconf 86' lang='lat' dir='ltr'>Senescere</span> <span class='ocrx_word' id='word_1_123' title='bbox 237 2183 329 2241; x_wconf 83' lang='lat' dir='ltr'>selim,</span> <span class='ocrx_word' id='word_1_124' title='bbox 347 2199 378 2232; x_wconf 89' lang='lat' dir='ltr'>ne</span> <span class='ocrx_word' id='word_1_125' title='bbox 391 2184 447 2249; x_wconf 86' lang='lat' dir='ltr'>quid</span> <span class='ocrx_word' id='word_1_126' title='bbox 458 2184 540 2240; x_wconf 67' lang='lat' dir='ltr'>illim,</span> <span class='ocrx_word' id='word_1_127' title='bbox 557 2179 620 2230; x_wconf 88' lang='lat' dir='ltr'>illius</span> 
     </span>
     <span class='ocr_line' id='line_1_24' title="bbox 85 2255 595 2322; baseline -0.014 -13"><span class='ocrx_word' id='word_1_128' title='bbox 85 2256 242 2309; x_wconf 81' lang='lat' dir='ltr'>immanitatis</span> <span class='ocrx_word' id='word_1_129' title='bbox 257 2256 352 2322; x_wconf 69' lang='lat' dir='ltr'>impiae,</span> <span class='ocrx_word' id='word_1_130' title='bbox 369 2261 495 2322; x_wconf 71' lang='lat' dir='ltr'>quaesiisse</span> <span class='ocrx_word' id='word_1_131' title='bbox 511 2255 595 2322; x_wconf 82' lang='lat' dir='ltr'>viget,</span> 
     </span>
     <span class='ocr_line' id='line_1_25' title="bbox 87 2321 666 2400; baseline -0.007 -18"><span class='ocrx_word' id='word_1_132' title='bbox 87 2333 207 2400; x_wconf 78' lang='lat' dir='ltr'>Aspicere</span> <span class='ocrx_word' id='word_1_133' title='bbox 223 2345 305 2396; x_wconf 85' lang='lat' dir='ltr'>cogar.</span> <span class='ocrx_word' id='word_1_134' title='bbox 321 2327 409 2392; x_wconf 83' lang='lat' dir='ltr'>Quid?</span> <span class='ocrx_word' id='word_1_135' title='bbox 426 2321 666 2394; x_wconf 57' lang='lat' dir='ltr'>Vilipervenimusj</span> 
     </span>
    </p>

    <p class='ocr_par' dir='ltr' id='par_1_10' title="bbox 86 2401 748 2759">
     <span class='ocr_line' id='line_1_26' title="bbox 86 2401 587 2471; baseline -0.008 -16"><span class='ocrx_word' id='word_1_136' title='bbox 86 2405 123 2454; x_wconf 88' lang='lat' dir='ltr'>Ut</span> <span class='ocrx_word' id='word_1_137' title='bbox 140 2403 274 2471; x_wconf 81' lang='lat' dir='ltr'>Religionis</span> <span class='ocrx_word' id='word_1_138' title='bbox 291 2404 374 2469; x_wconf 82' lang='lat' dir='ltr'>patsiae</span> <span class='ocrx_word' id='word_1_139' title='bbox 390 2401 587 2460; x_wconf 65' lang='lat' dir='ltr'>contraheres,</span> 
     </span>
     <span class='ocr_line' id='line_1_27' title="bbox 87 2474 686 2542; baseline -0.007 -13"><span class='ocrx_word' id='word_1_140' title='bbox 87 2480 245 2542; x_wconf 82' lang='lat' dir='ltr'>veteresque</span> <span class='ocrx_word' id='word_1_141' title='bbox 260 2477 318 2525; x_wconf 76' lang='lat' dir='ltr'>ritas</span> <span class='ocrx_word' id='word_1_142' title='bbox 328 2474 380 2524; x_wconf 89' lang='lat' dir='ltr'>sese</span> <span class='ocrx_word' id='word_1_143' title='bbox 397 2475 556 2525; x_wconf 86' lang='lat' dir='ltr'>homunculus</span> <span class='ocrx_word' id='word_1_144' title='bbox 572 2474 686 2539; x_wconf 78' lang='lat' dir='ltr'>frequens</span> 
     </span>
     <span class='ocr_line' id='line_1_28' title="bbox 89 2546 748 2615; baseline -0.006 -14"><span class='ocrx_word' id='word_1_145' title='bbox 89 2551 183 2602; x_wconf 80' lang='lat' dir='ltr'>inferre</span> <span class='ocrx_word' id='word_1_146' title='bbox 199 2565 295 2615; x_wconf 80' lang='lat' dir='ltr'>pugnax</span> <span class='ocrx_word' id='word_1_147' title='bbox 311 2546 416 2598; x_wconf 74' lang='lat' dir='ltr'>audeat?</span> <span class='ocrx_word' id='word_1_148' title='bbox 433 2547 470 2597; x_wconf 90' lang='lat' dir='ltr'>Ut</span> <span class='ocrx_word' id='word_1_149' title='bbox 487 2565 580 2598; x_wconf 89' lang='lat' dir='ltr'>omnem</span> <span class='ocrx_word' id='word_1_150' title='bbox 594 2547 645 2598; x_wconf 87' lang='lat' dir='ltr'>Dei</span> <span class='ocrx_word' id='word_1_151' title='bbox 744 2550 748 2561; x_wconf 95' lang='lat'>&#39;</span> 
     </span>
     <span class='ocr_line' id='line_1_29' title="bbox 90 2619 649 2680; baseline -0.007 -6"><span class='ocrx_word' id='word_1_152' title='bbox 90 2625 200 2675; x_wconf 83' lang='lat' dir='ltr'>Abolere</span> <span class='ocrx_word' id='word_1_153' title='bbox 215 2623 306 2670; x_wconf 85' lang='lat' dir='ltr'>cultum</span> <span class='ocrx_word' id='word_1_154' title='bbox 319 2619 418 2671; x_wconf 83' lang='lat' dir='ltr'>tentet?</span> <span class='ocrx_word' id='word_1_155' title='bbox 436 2621 472 2671; x_wconf 90' lang='lat' dir='ltr'>Ut</span> <span class='ocrx_word' id='word_1_156' title='bbox 484 2620 649 2680; x_wconf 80' lang='lat' dir='ltr'>sandlissimis‚</span> 
     </span>
     <span class='ocr_line' id='line_1_30' title="bbox 91 2693 554 2759; baseline -0.013 -10"><span class='ocrx_word' id='word_1_157' title='bbox 91 2695 287 2759; x_wconf 78' lang='lat' dir='ltr'>Certissimisque</span> <span class='ocrx_word' id='word_1_158' title='bbox 303 2693 397 2743; x_wconf 85' lang='lat' dir='ltr'>nobiles</span> <span class='ocrx_word' id='word_1_159' title='bbox 411 2693 554 2743; x_wconf 65' lang='lat' dir='ltr'>Aufloribus</span> 
     </span>
    </p>

    <p class='ocr_par' dir='ltr' id='par_1_11' title="bbox 92 2766 576 2839">
     <span class='ocr_line' id='line_1_31' title="bbox 92 2766 576 2839; baseline -0.01 -19"><span class='ocrx_word' id='word_1_160' title='bbox 92 2771 172 2839; x_wconf 80' lang='lat' dir='ltr'>Leges</span> <span class='ocrx_word' id='word_1_161' title='bbox 186 2768 308 2820; x_wconf 81' lang='lat' dir='ltr'>revellat:</span> <span class='ocrx_word' id='word_1_162' title='bbox 321 2779 484 2818; x_wconf 83' lang='lat' dir='ltr'>consecratam</span> <span class='ocrx_word' id='word_1_163' title='bbox 499 2766 576 2816; x_wconf 86' lang='lat' dir='ltr'>rideat</span> 
     </span>
    </p>

    <p class='ocr_par' dir='ltr' id='par_1_12' title="bbox 94 2838 671 2907">
     <span class='ocr_line' id='line_1_32' title="bbox 94 2838 671 2907; baseline -0.012 -12"><span class='ocrx_word' id='word_1_164' title='bbox 94 2844 200 2897; x_wconf 86' lang='lat' dir='ltr'>Laudem</span> <span class='ocrx_word' id='word_1_165' title='bbox 209 2839 311 2896; x_wconf 82' lang='lat' dir='ltr'>Pudotis</span> <span class='ocrx_word' id='word_1_166' title='bbox 324 2854 332 2890; x_wconf 76' lang='grc' dir='ltr'><strong>ι</strong></span> <span class='ocrx_word' id='word_1_167' title='bbox 343 2838 553 2907; x_wconf 62' lang='lat' dir='ltr'>Tempanium,</span> <span class='ocrx_word' id='word_1_168' title='bbox 569 2838 650 2892; x_wconf 88' lang='lat' dir='ltr'>Fidem</span> <span class='ocrx_word' id='word_1_169' title='bbox 661 2844 671 2899; x_wconf 78' lang='lat'>,&#39;</span> 
     </span>
    </p>
   </div>
   <div class='ocr_carea' id='block_1_6' title="bbox 0 0 1006 3554">
    <p class='ocr_par' dir='ltr' id='par_1_13' title="bbox 0 0 1006 3554">
     <span class='ocr_line' id='line_1_33' title="bbox 0 0 1006 3554; baseline 0 0"><span class='ocrx_word' id='word_1_170' title='bbox 0 0 1006 3554; x_wconf 95' lang='lat' dir='ltr'> </span> 
     </span>
    </p>
   </div>
  </div>
 </body>
</html>
