1982 3570
161 195 209 270 14
281 177 777 251 FrinAEsorrAnurt

156 299 375 369 Pulcherrimisque
394 301 468 352 Malis
484 298 563 350 aureis
580 300 680 366 replet,

156 375 210 426 Nisi
227 371 292 442 qudd
307 387 346 426 tot
361 375 423 426 lanis
438 374 531 442 aliquot
545 372 723 432 intermiscuit,

155 449 286 502 subtilibus
303 467 358 519 quae
375 450 448 518 signis
465 447 512 512 jam
527 448 689 514 prenuntiant

156 522 357 591 Corruptionem.
378 523 436 587 Quo
453 521 541 580 facto,
558 535 640 572 narum
656 531 751 579 vocat5

154 595 187 648 Et
202 612 210 647 t
228 597 284 649 Hoc
300 600 373 655 leve,
389 596 483 663 inquit,
501 595 587 662 pignus
602 595 664 646 habe
678 593 767 645 amoris
783 591 842 650 mei.

155 671 255 732 Laetus,
273 683 403 739 gratusque
417 668 480 720 filius
497 669 586 720 donum
602 669 685 735 capit3

154 743 218 795 Mox
234 745 261 795 dt
280 744 370 796 sciendi
386 743 505 811 cupidus,
523 759 581 809 quas
596 743 684 792 babeat
699 757 782 807 opes,

153 819 220 868 Dum
235 817 331 868 curiose
347 828 476 877 numerat,
494 828 567 883 atque
583 815 723 874 examinat,

153 888 267 956 Repente
285 891 373 941 clamet
388 908 396 944 t
413 890 471 942 Heu
489 889 495 940 !
513 889 569 957 quid
585 888 660 940 fecisti
669 924 677 950 ,
694 884 790 958 pater?

154 963 205 1014 Cur
221 965 342 1016 insincera
356 963 468 1017 miscuisti
484 964 520 1014 his
535 963 658 1031 integris?

153 1036 193 1089 Ne
208 1054 334 1105 querere,
351 1035 386 1089 fili
402 1055 410 1092 t
427 1055 481 1088 cum
499 1038 565 1088 malis
582 1037 646 1087 enim
663 1038 728 1088 bona

153 1109 373 1162 communicabunt
387 1112 551 1180 integritatem
566 1109 639 1162 luam.

152 1183 226 1244 imd,
242 1185 401 1254 arespondet
419 1185 480 1246 iiie,
499 1201 552 1252 quae
568 1185 633 1234 bona
648 1182 703 1235 l'unt
718 1180 811 1241 modd,

152 1257 225 1310 Brevi
242 1261 359 1312 malorum
374 1261 436 1310 mala
451 1258 512 1311 fient
529 1257 653 1327 contagio.

152 1332 195 1383 Nil
210 1345 238 1385 tu
253 1336 332 1396 time,
348 1335 462 1403 inquam,
479 1346 536 1384 nate
552 1351 561 1393 3
579 1334 620 1383 vel
637 1334 684 1384 hoc
700 1329 757 1381 mibi
774 1326 882 1398 denique

152 1405 292 1469 Concede,
309 1421 336 1458 ut
351 1409 502 1474 experiamur
518 1422 590 1471 quem
603 1421 644 1454 res
660 1404 750 1454 exitum

151 1477 251 1530 Habere
268 1480 449 1550 possithatus
465 1478 498 1526 nil
515 1478 571 1526 dum
588 1476 730 1541 suspicans,

152 1549 210 1616 Qud
225 1551 386 1610 tenderetur,
398 1551 496 1611 annuit,
511 1549 600 1600 invitus
615 1548 682 1600 licit.

150 1623 217 1691 Ergo
234 1625 360 1694 obseratur
380 1623 461 1674 cistula
477 1641 486 1682 ς
507 1623 629 1690 clavisque
643 1622 667 1671 in
683 1638 768 1673 nunus

150 1696 232 1748 Datur
248 1696 377 1764 parenti-s,
397 1697 448 1763 ipse
465 1695 542 1746 adelle
560 1696 615 1746 dum
632 1694 692 1746 velit

149 1769 282 1820 Reserandi
299 1781 403 1837 tempus.
422 1770 520 1819 interim
536 1769 661 1835 impatiens
679 1785 775 1827 morae,

148 1840 245 1894 Patrem
262 1860 360 1912 usque,
378 1843 493 1910 &usque
508 1841 596 1893 blandi
612 1843 725 1894 sollicitat
741 1857 839 1910 prece,
974 1833 975 1906 i

132 1914 290 1985 'Tentatque
305 1917 387 1969 lacere
405 1930 496 1978 natus,
513 1916 544 1967 n'e
561 1917 648 1968 diutins
974 1931 975 1954 l

147 1990 258 2044 Veretur
271 1991 371 2054 visere,
390 2010 439 2060 quo
457 1992 503 2042 luae
518 1990 562 2042 lint
578 2007 616 2042 res
633 1992 703 2041 loco.
817 1999 818 2002 ’
974 1981 975 1994 ’

147 2063 228 2115 Nimis
241 2067 363 2131 inquietus
380 2066 437 2132 quid
453 2077 479 2114 te
497 2063 581 2114 frustra
597 2080 727 2122 maceras,

146 2135 236 2186 Aiebat
253 2138 293 2188 ille
314 2135 325 2186 ἒ
341 2138 400 2204 quin
413 2134 514 2204 potitis,
531 2135 596 2202 quod
613 2148 640 2186 tu
656 2135 747 2202 cupis,

146 2209 211 2262 Fieri
227 2209 286 2260 dum
299 2211 396 2270 liceat,
413 2209 509 2261 sustines
525 2227 617 2260 moram
635 2205 759 2261 brevem?

146 2281 182 2335 At
196 2300 277 2345 ecce,
295 2283 419 2356 postqubm
438 2284 525 2336 distulit
539 2284 594 2336 satis
610 2285 669 2342 diu,

146 2357 258 2409 Tandem
275 2360 365 2410 venille
385 2360 480 2410 nuntiat
498 2371 607 2424 optatum
627 2357 689 2407 diem
702 2388 715 2415 ,

148 2432 270 2498 Simulque
288 2433 373 2482 clavim
390 2432 464 2481 tradit
481 2448 491 2480 :·
508 2432 548 2480 illa
566 2429 659 2498 segnitia

146 2505 255 2557 Videtur
272 2504 437 2556 obsecundare
454 2503 490 2554 ilii
508 2504 662 2570 improvido,
696 2534 702 2550 .

148 2576 223 2628 Suum
243 2580 368 2644 expetenti
384 2595 486 2629 cernere
504 2575 572 2629 cititis
589 2579 702 2628 malunt

146 2649 210 2700 Nam
225 2642 274 2704 vin*
283 2667 367 2722 aperta
384 2651 417 2704 eit
432 2651 534 2713 ciiiula,
549 2651 672 2720 ingentem
687 2647 755 2700 videt

171 2813 183 2837 a
195 2797 246 2838 Vox
255 2800 292 2838 inb
304 2801 389 2838 recurrit
406 2800 458 2852 loepe
472 2799 523 2851 apud
537 2797 663 2843 Martialem,
677 2797 698 2837 δι
707 2793 802 2849 syllabam
812 2794 888 2848 semper
945 2821 948 2828 ,

145 2847 206 2887 hebet
215 2847 301 2887 ultimam
311 2847 392 2888 brevem
404 2862 408 2885 :
419 2860 439 2887 at
449 2849 539 2888 Catullus
550 2850 617 2888 carm.
625 2849 657 2898 '78-
666 2846 695 2884 V·
705 2859 724 2884 ²·

218 2895 233 2936 F
235 2893 300 2935 ntra*
310 2895 319 2934 i
332 2896 372 2936 imd
384 2908 454 2950 magno
467 2910 511 2938 cum
523 2897 590 2950 pretio
603 2905 661 2948 atque
672 2894 738 2936 nuic..
