1928 3554
232 199 648 292 Annaungx.
748 227 874 304 p3·

80 321 196 382 Fortuna
206 339 213 376 t
226 339 271 374 nos
281 323 375 374 interea
384 322 504 373 nescimus
514 347 523 380 ς
541 323 566 372 dr
575 321 628 390 ipse

80 395 122 446 Tu
135 397 232 456 nescis,
249 395 362 465 quantum
375 397 475 454 valeas,
493 396 549 444 dum
558 407 649 462 teque,
664 410 766 470 tuasque
797 431 799 434 ·

81 469 176 525 Prodat,
181 487 240 536 opes
250 470 333 537 aliquis
344 469 449 540 graviori
457 471 559 520 vulnere
567 483 647 520 casus.

81 542 173 610 Lydius
183 544 222 594 hic
233 543 304 609 Lapis
314 543 364 602 est,
378 559 427 610 quo
436 543 460 594 se
470 544 557 608 probat
566 542 648 593 Aurea
657 545 754 604 Virtus,

81 615 114 666 Et
123 633 244 683 generoso
254 617 326 668 etiam
335 617 405 666 sensu
416 617 525 666 exultare
538 616 659 678 decebat,

83 689 116 742 Et
130 689 169 740 sua
177 689 256 742 testari
266 689 406 756 Sapientem
416 688 501 758 gaudia
513 691 600 748 vultu,

82 763 108 812 Si
119 765 214 828 quando
222 759 329 814 Fortuna
339 773 421 814 nuces
430 763 558 813 denuntiet
563 762 613 812 iras

83 835 166 888 Multa
172 837 279 896 mirans,
291 837 400 904 duroque
408 848 477 904 paret
487 849 581 888 certare
591 837 683 890 duello·

84 909 124 959 Sic
134 924 197 964 voto
207 927 310 978 pugnam
322 909 438 977 andeipat
446 909 584 960 Mavortius
594 910 676 962 Heros
688 929 697 964 t

85 983 206 1051 Huncque
218 983 267 1036 ciet
277 984 393 1052 pirissae,
409 983 563 1050 animosaque
576 984 650 1034 cardo
662 986 765 1058 fatigat,

84 1055 103 1106 F
105 1057 273 1124 lagrantesque
285 1073 349 1126 rago
359 1057 498 1123 depascitur
510 1057 565 1125 igne
576 1057 692 1111 medullas
717 1091 720 1098 ι

86 1128 175 1180 Laudis
187 1147 253 1182 antor
266 1165 275 1191 ,
295 1132 364 1182 simul
374 1130 490 1180 instruile
502 1125 649 1198 fulgentibus
661 1135 732 1186 armis

86 1201 252 1258 Constiterunt
262 1205 344 1268 acies,
364 1204 482 1270 feralique
492 1202 589 1253 horrida
599 1215 672 1255 cantu

86 1275 159 1344 Signa
170 1276 353 1336 deditorum,
371 1278 500 1343 multaeque
510 1277 617 1342 pericula
628 1277 713 1331 mortis

87 1347 135 1400 Per
148 1351 346 1419 mediaingentes
357 1351 445 1400 animas
457 1351 573 1415 pepulere
583 1350 707 1404 volentes.

37 1443 39 1449 ·
122 1421 158 1473 At
168 1425 235 1474 nullo
245 1439 378 1492 quanquam
392 1424 472 1492 urgeri
487 1422 622 1472 discrimine
634 1439 721 1493 magno

87 1493 217 1564 Contigit,
229 1497 281 1564 ipse
294 1510 375 1548 tamen
386 1497 451 1546 testis
463 1496 520 1546 mihi
534 1497 662 1556 conscius,
679 1499 774 1567 inquis,

86 1568 206 1621 Gratulor
216 1571 335 1638 igniculos
345 1570 451 1623 Virtutis
461 1603 470 1630 ,
486 1573 593 1637 gratulor
604 1583 685 1638 aptum

85 1641 198 1693 Motibus
209 1644 312 1710 egregiis
323 1643 405 1708 pedlus
417 1677 424 1701 ‚
443 1658 522 1710 neque
534 1643 627 1694 casibus
641 1645 699 1694 olim
711 1679 719 1705 ,

87 1715 114 1765 si
126 1731 172 1780 qua
184 1715 254 1766 ferox
267 1717 374 1768 Fortuna
386 1717 447 1766 ferat
460 1749 467 1774 ,
484 1715 633 1784 gravioribus
646 1718 731 1785 impar.

86 1787 127 1837 An
138 1788 197 1839 vetd
210 1821 219 1848 ,
234 1806 295 1856 quos
305 1807 368 1840 nunc
381 1787 474 1854 jarras,
490 1789 642 1840 incommoda
655 1791 721 1842 dare

87 1861 139 1912 Vel
152 1863 299 1928 paupertatis
311 1893 319 1918 ‚
336 1863 376 1912 vel
388 1862 507 1926 adempte
518 1863 594 1912 laudis
607 1862 698 1930 iniquas
712 1901 715 1906 -

88 1931 136 1984 Per
147 1935 244 1984 fraudes
254 1933 377 1986 hominum
389 1965 396 1992 ,
410 1945 454 1982 aut
462 1934 556 1986 utentis
566 1935 660 1992 nuceta
673 1940 767 2000 morbi,

87 2005 177 2059 Sensus
190 2023 239 2056 son
249 2006 294 2058 tibi
303 2007 350 2067 sint
364 2004 541 2064 consternatum
549 2006 700 2074 samsones

87 2079 137 2132 Res
149 2081 182 2131 est
193 2081 306 2148 ambiguis
320 2076 416 2146 anatim
426 2079 518 2136 senona
528 2079 570 2130 sub
583 2083 671 2134 umbris
683 2091 709 2142 ,¹¹

89 2151 150 2204 Ctim
161 2155 227 2205 vivas
241 2153 325 2220 opibus
335 2153 425 2210 floreus
436 2184 444 2210 .
461 2153 488 2206 dt
499 2153 632 2208 honoribus
642 2155 724 2218 aniius
736 2192 744 2218 ,

87 2227 120 2282 Et
135 2227 190 2277 sano
202 2227 296 2277 demum
308 2225 440 2294 signantia
452 2241 555 2290 corporo
567 2225 630 2290 vires
642 2245 651 2283 ς
691 2252 706 2290 3

88 2299 149 2350 Haec
163 2301 216 2350 sunt
228 2299 308 2349 fallaci
319 2298 459 2364 plerunrque
471 2295 543 2351 ittfida
557 2300 641 2357 colore
660 2291 665 2308 '
700 2293 706 2308 ’

86 2375 233 2426 Velamenta
243 2372 346 2439 hominis
359 2389 367 2431 ς
387 2371 476 2423 fuerint
487 2370 612 2431 dermite,
631 2372 724 2438 patebit

88 2445 201 2510 Quantus
212 2445 267 2496 erit.
283 2445 368 2502 Nitido
380 2445 415 2496 sic
426 2461 479 2511 quae
490 2443 647 2496 medicamine
659 2449 752 2498 vultum

89 2519 192 2570 Oblevit
201 2519 305 2577 mulier,
319 2519 406 2570 faciem
415 2528 484 2586 tegat
493 2519 533 2580 illa
545 2513 656 2568 de'toram
668 2552 676 2576 ‚

89 2592 129 2642 An
139 2605 234 2659 turpem
244 2592 373 2644 introrsum
388 2625 395 2650 ,
415 2587 484 2642 tettd
500 2581 644 2658 dignoscere
657 2589 732 2656 judex

89 2667 170 2728 Nemo
180 2665 259 2733 potest
271 2682 278 2716 ε
293 2665 332 2716 sed
342 2681 393 2714 rem
406 2677 463 2714 tunc
475 2664 603 2730 unicuique
613 2665 740 2716 videndam

87 2739 141 2790 Lux
155 2737 275 2789 manifesta
288 2738 370 2796 dabit,
388 2737 409 2786 si
422 2734 512 2802 perfida
525 2737 590 2788 larva
604 2737 713 2790 recedat.

125 2812 191 2880 Ergo
202 2829 264 2880 age,
281 2809 388 2876 jucundo
401 2826 481 2861 rerum
496 2807 575 2859 diffide
589 2811 685 2862 tenoris

89 2883 129 2938 Ac
142 2883 199 2935 licet
209 2884 335 2940 horrisono
347 2883 429 2935 veniat
439 2883 547 2936 violenta
558 2895 643 2949 paratu

719 2977 750 3039 Ο
