<?xml version="1.0" encoding="UTF-8"?>
<!DOCTYPE html PUBLIC "-//W3C//DTD XHTML 1.0 Transitional//EN"
    "http://www.w3.org/TR/xhtml1/DTD/xhtml1-transitional.dtd">
<html xmlns="http://www.w3.org/1999/xhtml" xml:lang="en" lang="en">
 <head>
  <title>
</title>
<meta http-equiv="Content-Type" content="text/html;charset=utf-8" />
  <meta name='ocr-system' content='tesseract 3.04.00' />
  <meta name='ocr-capabilities' content='ocr_page ocr_carea ocr_par ocr_line ocrx_word'/>
</head>
<body>
  <div class='ocr_page' id='page_1' title='image "./franciscijoseph00aesogoog_0025.png"; bbox 0 0 1982 3570; ppageno 0'>
   <div class='ocr_carea' id='block_1_1' title="bbox 143 219 751 324">
    <p class='ocr_par' dir='ltr' id='par_1_1' title="bbox 143 219 751 324">
     <span class='ocr_line' id='line_1_1' title="bbox 143 219 751 324; baseline -0.002 -23"><span class='ocrx_word' id='word_1_1' title='bbox 143 232 231 324; x_wconf 74' lang='lat' dir='ltr'>xviij</span> <span class='ocrx_word' id='word_1_2' title='bbox 300 219 751 302; x_wconf 66' lang='lat' dir='ltr'>Pramnio,</span> 
     </span>
    </p>
   </div>
   <div class='ocr_carea' id='block_1_2' title="bbox 141 345 979 512">
    <p class='ocr_par' dir='ltr' id='par_1_2' title="bbox 141 345 979 512">
     <span class='ocr_line' id='line_1_2' title="bbox 141 345 979 433; baseline 0.001 -19"><span class='ocrx_word' id='word_1_3' title='bbox 141 351 360 414; x_wconf 72' lang='lat' dir='ltr'>mendosissime</span> <span class='ocrx_word' id='word_1_4' title='bbox 390 345 888 433; x_wconf 75' lang='lat' dir='ltr'>rodierat.Scriptorestincursione</span> <span class='ocrx_word' id='word_1_5' title='bbox 978 359 979 364; x_wconf 75' lang='grc'>’</span> 
     </span>
     <span class='ocr_line' id='line_1_3' title="bbox 142 373 887 512; baseline -0.004 -16"><span class='ocrx_word' id='word_1_6' title='bbox 142 435 302 496; x_wconf 89' lang='lat' dir='ltr'>verborum</span> <span class='ocrx_word' id='word_1_7' title='bbox 310 454 343 493; x_wconf 91' lang='lat' dir='ltr'>ac</span> <span class='ocrx_word' id='word_1_8' title='bbox 351 373 557 494; x_wconf 56' lang='lat' dir='ltr'>{intentiarum</span> <span class='ocrx_word' id='word_1_9' title='bbox 565 433 732 512; x_wconf 72' lang='lat' dir='ltr'>importuni</span> <span class='ocrx_word' id='word_1_10' title='bbox 740 433 887 509; x_wconf 87' lang='lat' dir='ltr'>horridus;·</span> 
     </span>
    </p>
   </div>
   <div class='ocr_carea' id='block_1_3' title="bbox 144 513 980 597">
    <p class='ocr_par' dir='ltr' id='par_1_3' title="bbox 144 513 980 597">
     <span class='ocr_line' id='line_1_4' title="bbox 144 513 980 597; baseline 0.004 -24"><span class='ocrx_word' id='word_1_11' title='bbox 144 516 302 575; x_wconf 79' lang='lat' dir='ltr'>dicacitatis</span> <span class='ocrx_word' id='word_1_12' title='bbox 311 531 452 596; x_wconf 89' lang='lat' dir='ltr'>appetens</span> <span class='ocrx_word' id='word_1_13' title='bbox 463 514 654 593; x_wconf 87' lang='lat' dir='ltr'>,ineptiarum</span> <span class='ocrx_word' id='word_1_14' title='bbox 663 513 801 597; x_wconf 86' lang='lat' dir='ltr'>prodigus</span> <span class='ocrx_word' id='word_1_15' title='bbox 812 535 823 587; x_wconf 90' lang='lat'>;</span> <span class='ocrx_word' id='word_1_16' title='bbox 836 515 889 576; x_wconf 88' lang='lat' dir='ltr'>ali·</span> <span class='ocrx_word' id='word_1_17' title='bbox 979 529 980 536; x_wconf 78' lang='grc'>’</span> 
     </span>
    </p>
   </div>
   <div class='ocr_carea' id='block_1_4' title="bbox 91 592 897 3021">
    <p class='ocr_par' dir='ltr' id='par_1_4' title="bbox 127 592 895 2534">
     <span class='ocr_line' id='line_1_5' title="bbox 143 592 888 678; baseline 0 -22"><span class='ocrx_word' id='word_1_18' title='bbox 143 597 262 678; x_wconf 89' lang='lat' dir='ltr'>quando</span> <span class='ocrx_word' id='word_1_19' title='bbox 283 613 381 656; x_wconf 86' lang='lat' dir='ltr'>tamen</span> <span class='ocrx_word' id='word_1_20' title='bbox 393 593 511 653; x_wconf 75' lang='lat' dir='ltr'>ridicule</span> <span class='ocrx_word' id='word_1_21' title='bbox 533 592 663 667; x_wconf 87' lang='lat' dir='ltr'>facetus,</span> <span class='ocrx_word' id='word_1_22' title='bbox 680 615 713 653; x_wconf 85' lang='lat' dir='ltr'>ac</span> <span class='ocrx_word' id='word_1_23' title='bbox 727 611 822 676; x_wconf 90' lang='lat' dir='ltr'>prope</span> <span class='ocrx_word' id='word_1_24' title='bbox 841 598 888 656; x_wconf 91' lang='lat' dir='ltr'>in-</span> 
     </span>
     <span class='ocr_line' id='line_1_6' title="bbox 144 673 886 760; baseline -0.004 -21"><span class='ocrx_word' id='word_1_25' title='bbox 144 677 290 760; x_wconf 82' lang='lat' dir='ltr'>geniosus.</span> <span class='ocrx_word' id='word_1_26' title='bbox 300 673 359 735; x_wconf 86' lang='lat' dir='ltr'>Alii</span> <span class='ocrx_word' id='word_1_27' title='bbox 368 673 475 734; x_wconf 70' lang='lat' dir='ltr'>dietum</span> <span class='ocrx_word' id='word_1_28' title='bbox 487 675 564 734; x_wconf 87' lang='lat' dir='ltr'>hunc</span> <span class='ocrx_word' id='word_1_29' title='bbox 577 677 696 736; x_wconf 90' lang='lat' dir='ltr'>nomine</span> <span class='ocrx_word' id='word_1_30' title='bbox 705 674 886 753; x_wconf 87' lang='lat' dir='ltr'>Romulum,</span> 
     </span>
     <span class='ocr_line' id='line_1_7' title="bbox 143 754 887 830; baseline 0.001 -12"><span class='ocrx_word' id='word_1_31' title='bbox 143 759 191 818; x_wconf 86' lang='lat' dir='ltr'>alii</span> <span class='ocrx_word' id='word_1_32' title='bbox 207 771 347 817; x_wconf 90' lang='lat' dir='ltr'>vocatum</span> <span class='ocrx_word' id='word_1_33' title='bbox 363 754 525 830; x_wconf 85' lang='lat' dir='ltr'>Salonem,</span> <span class='ocrx_word' id='word_1_34' title='bbox 544 757 577 815; x_wconf 90' lang='lat'>&amp;</span> <span class='ocrx_word' id='word_1_35' title='bbox 615 772 683 816; x_wconf 90' lang='lat' dir='ltr'>ente</span> <span class='ocrx_word' id='word_1_36' title='bbox 700 755 887 819; x_wconf 83' lang='lat' dir='ltr'>Parmensem</span> 
     </span>
     <span class='ocr_line' id='line_1_8' title="bbox 144 775 889 900; baseline 0.003 -2"><span class='ocrx_word' id='word_1_37' title='bbox 144 834 224 898; x_wconf 78' lang='lat' dir='ltr'>fuille</span> <span class='ocrx_word' id='word_1_38' title='bbox 232 837 337 898; x_wconf 87' lang='lat' dir='ltr'>volunt</span> <span class='ocrx_word' id='word_1_39' title='bbox 350 856 358 896; x_wconf 73' lang='grc' dir='ltr'>ι</span> <span class='ocrx_word' id='word_1_40' title='bbox 372 833 471 897; x_wconf 82' lang='lat' dir='ltr'>vixisse</span> <span class='ocrx_word' id='word_1_41' title='bbox 481 853 578 897; x_wconf 87' lang='lat' dir='ltr'>autem</span> <span class='ocrx_word' id='word_1_42' title='bbox 593 775 690 897; x_wconf 64' lang='lat' dir='ltr'>ieculo</span> <span class='ocrx_word' id='word_1_43' title='bbox 701 836 818 899; x_wconf 89' lang='lat' dir='ltr'>decimo</span> <span class='ocrx_word' id='word_1_44' title='bbox 827 855 889 900; x_wconf 87' lang='lat' dir='ltr'>ter·</span> 
     </span>
     <span class='ocr_line' id='line_1_9' title="bbox 142 915 889 1002; baseline 0.005 -24"><span class='ocrx_word' id='word_1_45' title='bbox 142 919 185 978; x_wconf 88' lang='lat' dir='ltr'>tio</span> <span class='ocrx_word' id='word_1_46' title='bbox 203 920 338 998; x_wconf 85' lang='lat' dir='ltr'>opinatus</span> <span class='ocrx_word' id='word_1_47' title='bbox 351 915 393 977; x_wconf 84' lang='lat' dir='ltr'>est</span> <span class='ocrx_word' id='word_1_48' title='bbox 406 917 568 979; x_wconf 81' lang='lat' dir='ltr'>Bernartius</span> <span class='ocrx_word' id='word_1_49' title='bbox 577 917 704 978; x_wconf 91' lang='lat' dir='ltr'>Moneta</span> <span class='ocrx_word' id='word_1_50' title='bbox 719 939 726 977; x_wconf 74' lang='grc' dir='ltr'>ε</span> <span class='ocrx_word' id='word_1_51' title='bbox 743 916 801 1002; x_wconf 78' lang='lat' dir='ltr'>eg&#39;o</span> <span class='ocrx_word' id='word_1_52' title='bbox 813 921 889 982; x_wconf 74' lang='lat' dir='ltr'>verb</span> 
     </span>
     <span class='ocr_line' id='line_1_10' title="bbox 143 996 887 1081; baseline 0.003 -21"><span class='ocrx_word' id='word_1_53' title='bbox 143 1019 246 1081; x_wconf 83' lang='lat' dir='ltr'>parurn</span> <span class='ocrx_word' id='word_1_54' title='bbox 256 999 287 1058; x_wconf 88' lang='lat' dir='ltr'>id</span> <span class='ocrx_word' id='word_1_55' title='bbox 300 1019 390 1061; x_wconf 89' lang='lat' dir='ltr'>omne</span> <span class='ocrx_word' id='word_1_56' title='bbox 399 996 532 1060; x_wconf 75' lang='lat' dir='ltr'>interesse</span> <span class='ocrx_word' id='word_1_57' title='bbox 546 1000 589 1058; x_wconf 89' lang='lat' dir='ltr'>rei</span> <span class='ocrx_word' id='word_1_58' title='bbox 598 998 730 1059; x_wconf 81' lang='lat' dir='ltr'>literariae</span> <span class='ocrx_word' id='word_1_59' title='bbox 744 998 887 1062; x_wconf 83' lang='lat' dir='ltr'>existimo.</span> 
     </span>
     <span class='ocr_line' id='line_1_11' title="bbox 184 1077 891 1154; baseline 0.003 -14"><span class='ocrx_word' id='word_1_60' title='bbox 184 1079 372 1154; x_wconf 75' lang='lat' dir='ltr'>R1M1cluS,</span> <span class='ocrx_word' id='word_1_61' title='bbox 387 1077 550 1141; x_wconf 80' lang='lat' dir='ltr'>Guilelmus</span> <span class='ocrx_word' id='word_1_62' title='bbox 560 1079 743 1154; x_wconf 87' lang='lat' dir='ltr'>Hermanus‚</span> <span class='ocrx_word' id='word_1_63' title='bbox 762 1081 891 1143; x_wconf 86' lang='lat' dir='ltr'>Hadria-</span> 
     </span>
     <span class='ocr_line' id='line_1_12' title="bbox 144 1158 890 1244; baseline 0.001 -23"><span class='ocrx_word' id='word_1_64' title='bbox 144 1179 198 1221; x_wconf 88' lang='lat' dir='ltr'>nus</span> <span class='ocrx_word' id='word_1_65' title='bbox 212 1158 391 1244; x_wconf 59' lang='lat' dir='ltr'>sanandus,</span> <span class='ocrx_word' id='word_1_66' title='bbox 407 1182 441 1222; x_wconf 87' lang='lat' dir='ltr'>ac</span> <span class='ocrx_word' id='word_1_67' title='bbox 458 1159 627 1222; x_wconf 87' lang='lat' dir='ltr'>Laurentius</span> <span class='ocrx_word' id='word_1_68' title='bbox 640 1159 746 1236; x_wconf 88' lang='lat' dir='ltr'>Valla,</span> <span class='ocrx_word' id='word_1_69' title='bbox 762 1183 890 1239; x_wconf 89' lang='lat' dir='ltr'>omnes,</span> 
     </span>
     <span class='ocr_line' id='line_1_13' title="bbox 145 1241 889 1325; baseline 0.003 -23"><span class='ocrx_word' id='word_1_70' title='bbox 145 1258 250 1324; x_wconf 75' lang='lat' dir='ltr'>prater</span> <span class='ocrx_word' id='word_1_71' title='bbox 265 1241 383 1304; x_wconf 87' lang='lat' dir='ltr'>Vallam</span> <span class='ocrx_word' id='word_1_72' title='bbox 428 1244 613 1304; x_wconf 81' lang='lat' dir='ltr'>ammaricutn</span> <span class='ocrx_word' id='word_1_73' title='bbox 625 1241 785 1317; x_wconf 84' lang='lat' dir='ltr'>illustrem,</span> <span class='ocrx_word' id='word_1_74' title='bbox 802 1243 889 1325; x_wconf 75' lang='lat' dir='ltr'>plane</span> 
     </span>
     <span class='ocr_line' id='line_1_14' title="bbox 146 1322 890 1407; baseline 0 -23"><span class='ocrx_word' id='word_1_75' title='bbox 146 1325 309 1407; x_wconf 83' lang='lat' dir='ltr'>incogniti,</span> <span class='ocrx_word' id='word_1_76' title='bbox 332 1322 400 1386; x_wconf 87' lang='lat' dir='ltr'>fabe</span> <span class='ocrx_word' id='word_1_77' title='bbox 411 1323 453 1385; x_wconf 87' lang='lat' dir='ltr'>las</span> <span class='ocrx_word' id='word_1_78' title='bbox 468 1324 621 1405; x_wconf 84' lang='lat' dir='ltr'>AEsopicas</span> <span class='ocrx_word' id='word_1_79' title='bbox 636 1326 741 1405; x_wconf 85' lang='lat' dir='ltr'>partim</span> <span class='ocrx_word' id='word_1_80' title='bbox 759 1323 775 1383; x_wconf 79' lang='grc' dir='ltr'>ὲ</span> <span class='ocrx_word' id='word_1_81' title='bbox 791 1327 890 1406; x_wconf 82' lang='lat' dir='ltr'>graecis</span> 
     </span>
     <span class='ocr_line' id='line_1_15' title="bbox 146 1402 889 1483; baseline 0.003 -19"><span class='ocrx_word' id='word_1_82' title='bbox 146 1405 248 1464; x_wconf 88' lang='lat' dir='ltr'>latinas</span> <span class='ocrx_word' id='word_1_83' title='bbox 269 1405 424 1478; x_wconf 88' lang='lat' dir='ltr'>fecerunt,</span> <span class='ocrx_word' id='word_1_84' title='bbox 446 1407 551 1482; x_wconf 86' lang='lat' dir='ltr'>partim</span> <span class='ocrx_word' id='word_1_85' title='bbox 568 1404 688 1483; x_wconf 76' lang='lat' dir='ltr'>eligato</span> <span class='ocrx_word' id='word_1_86' title='bbox 706 1402 841 1466; x_wconf 83' lang='lat' dir='ltr'>sermone</span> <span class='ocrx_word' id='word_1_87' title='bbox 860 1408 889 1466; x_wconf 90' lang='lat' dir='ltr'>in</span> 
     </span>
     <span class='ocr_line' id='line_1_16' title="bbox 147 1481 890 1546; baseline 0.003 -2"><span class='ocrx_word' id='word_1_88' title='bbox 147 1488 312 1545; x_wconf 88' lang='lat' dir='ltr'>orationem</span> <span class='ocrx_word' id='word_1_89' title='bbox 334 1481 457 1542; x_wconf 90' lang='lat' dir='ltr'>solutam</span> <span class='ocrx_word' id='word_1_90' title='bbox 473 1481 685 1542; x_wconf 81' lang='lat' dir='ltr'>transtulerunt.</span> <span class='ocrx_word' id='word_1_91' title='bbox 711 1482 772 1541; x_wconf 87' lang='lat' dir='ltr'>Has</span> <span class='ocrx_word' id='word_1_92' title='bbox 792 1502 890 1546; x_wconf 86' lang='lat' dir='ltr'>autem</span> 
     </span>
     <span class='ocr_line' id='line_1_17' title="bbox 127 1560 891 1646; baseline 0.005 -22"><span class='ocrx_word' id='word_1_93' title='bbox 127 1560 477 1646; x_wconf 42' lang='lat' dir='ltr'>‚collegitRobertusSte</span> <span class='ocrx_word' id='word_1_94' title='bbox 498 1562 891 1646; x_wconf 77' lang='lat' dir='ltr'>hanus‚&amp;unicumpriore</span> 
     </span>
     <span class='ocr_line' id='line_1_18' title="bbox 146 1584 893 1724; baseline 0.001 -19"><span class='ocrx_word' id='word_1_95' title='bbox 146 1645 293 1706; x_wconf 88' lang='lat' dir='ltr'>Laurentii</span> <span class='ocrx_word' id='word_1_96' title='bbox 306 1641 450 1705; x_wconf 84' lang='lat' dir='ltr'>Abssemii</span> <span class='ocrx_word' id='word_1_97' title='bbox 464 1584 697 1724; x_wconf 71' lang='lat' dir='ltr'>liecatomythio</span> <span class='ocrx_word' id='word_1_98' title='bbox 709 1687 718 1718; x_wconf 88' lang='lat'><strong>‚</strong></span> <span class='ocrx_word' id='word_1_99' title='bbox 732 1661 761 1704; x_wconf 87' lang='lat' dir='ltr'>at</span> <span class='ocrx_word' id='word_1_100' title='bbox 795 1647 893 1706; x_wconf 85' lang='lat' dir='ltr'>aullrm</span> 
     </span>
     <span class='ocr_line' id='line_1_19' title="bbox 149 1666 892 1806; baseline 0.004 -21"><span class='ocrx_word' id='word_1_101' title='bbox 149 1725 318 1798; x_wconf 88' lang='lat' dir='ltr'>decurtato,</span> <span class='ocrx_word' id='word_1_102' title='bbox 331 1727 360 1784; x_wconf 93' lang='lat' dir='ltr'>in</span> <span class='ocrx_word' id='word_1_103' title='bbox 369 1724 465 1784; x_wconf 90' lang='lat' dir='ltr'>lucem</span> <span class='ocrx_word' id='word_1_104' title='bbox 475 1727 569 1784; x_wconf 89' lang='lat' dir='ltr'>emisit</span> <span class='ocrx_word' id='word_1_105' title='bbox 579 1745 655 1784; x_wconf 90' lang='lat' dir='ltr'>anno</span> <span class='ocrx_word' id='word_1_106' title='bbox 669 1743 755 1806; x_wconf 84' lang='lat'>1529.</span> <span class='ocrx_word' id='word_1_107' title='bbox 766 1666 892 1788; x_wconf 56' lang='lat' dir='ltr'>iordida</span> 
     </span>
     <span class='ocr_line' id='line_1_20' title="bbox 148 1803 729 1888; baseline -0.002 -21"><span class='ocrx_word' id='word_1_108' title='bbox 148 1803 189 1868; x_wconf 85' lang='lat' dir='ltr'>est</span> <span class='ocrx_word' id='word_1_109' title='bbox 201 1803 252 1865; x_wconf 90' lang='lat' dir='ltr'>ista</span> <span class='ocrx_word' id='word_1_110' title='bbox 265 1803 401 1888; x_wconf 89' lang='lat' dir='ltr'>farrago,</span> <span class='ocrx_word' id='word_1_111' title='bbox 414 1803 465 1865; x_wconf 93' lang='lat' dir='ltr'>sed</span> <span class='ocrx_word' id='word_1_112' title='bbox 475 1821 575 1864; x_wconf 88' lang='lat' dir='ltr'>aurum</span> <span class='ocrx_word' id='word_1_113' title='bbox 588 1807 729 1866; x_wconf 88' lang='lat' dir='ltr'>continet.</span> 
     </span>
     <span class='ocr_line' id='line_1_21' title="bbox 190 1883 894 1970; baseline 0.004 -24"><span class='ocrx_word' id='word_1_114' title='bbox 190 1884 407 1948; x_wconf 76' lang='lat' dir='ltr'>Lnurtaurrus</span> <span class='ocrx_word' id='word_1_115' title='bbox 425 1883 591 1947; x_wconf 83' lang='lat' dir='ltr'>Absternius</span> <span class='ocrx_word' id='word_1_116' title='bbox 609 1886 707 1948; x_wconf 86' lang='lat' dir='ltr'>seculo</span> <span class='ocrx_word' id='word_1_117' title='bbox 724 1883 790 1970; x_wconf 89' lang='lat' dir='ltr'>post</span> <span class='ocrx_word' id='word_1_118' title='bbox 810 1887 894 1949; x_wconf 88' lang='lat' dir='ltr'>deci-</span> 
     </span>
     <span class='ocr_line' id='line_1_22' title="bbox 148 1967 893 2051; baseline 0 -21"><span class='ocrx_word' id='word_1_119' title='bbox 148 1988 229 2030; x_wconf 91' lang='lat' dir='ltr'>mum</span> <span class='ocrx_word' id='word_1_120' title='bbox 242 1969 344 2051; x_wconf 82' lang='lat' dir='ltr'>quinto</span> <span class='ocrx_word' id='word_1_121' title='bbox 352 1985 489 2030; x_wconf 60' lang='lat' dir='ltr'>exeunte</span> <span class='ocrx_word' id='word_1_122' title='bbox 507 1967 642 2029; x_wconf 80' lang='lat' dir='ltr'>florebat.</span> <span class='ocrx_word' id='word_1_123' title='bbox 660 1968 791 2029; x_wconf 84' lang='lat' dir='ltr'>Fabellas</span> <span class='ocrx_word' id='word_1_124' title='bbox 813 1969 867 2048; x_wconf 86' lang='lat'>198</span> <span class='ocrx_word' id='word_1_125' title='bbox 883 1991 893 2045; x_wconf 91' lang='lat'>·‚</span> 
     </span>
     <span class='ocr_line' id='line_1_23' title="bbox 149 2049 895 2130; baseline 0.005 -23"><span class='ocrx_word' id='word_1_126' title='bbox 149 2070 270 2130; x_wconf 87' lang='lat' dir='ltr'>quarum</span> <span class='ocrx_word' id='word_1_127' title='bbox 292 2052 414 2129; x_wconf 84' lang='lat' dir='ltr'>primam</span> <span class='ocrx_word' id='word_1_128' title='bbox 450 2066 542 2109; x_wconf 90' lang='lat' dir='ltr'>artem</span> <span class='ocrx_word' id='word_1_129' title='bbox 555 2049 821 2129; x_wconf 86' lang='lat' dir='ltr'>Hecatomythium</span> <span class='ocrx_word' id='word_1_130' title='bbox 833 2071 895 2111; x_wconf 85' lang='lat' dir='ltr'>vo-</span> 
     </span>
     <span class='ocr_line' id='line_1_24' title="bbox 149 2071 894 2210; baseline 0.003 -22"><span class='ocrx_word' id='word_1_131' title='bbox 149 2131 251 2202; x_wconf 84' lang='lat' dir='ltr'>cavit,</span> <span class='ocrx_word' id='word_1_132' title='bbox 273 2126 406 2191; x_wconf 79' lang='lat' dir='ltr'>sermt&#39;rne</span> <span class='ocrx_word' id='word_1_133' title='bbox 423 2071 532 2210; x_wconf 67' lang='lat' dir='ltr'>liripsit</span> <span class='ocrx_word' id='word_1_134' title='bbox 551 2129 642 2189; x_wconf 85' lang='lat' dir='ltr'>latino</span> <span class='ocrx_word' id='word_1_135' title='bbox 659 2127 765 2190; x_wconf 87' lang='lat' dir='ltr'>soluto.</span> <span class='ocrx_word' id='word_1_136' title='bbox 788 2127 894 2191; x_wconf 88' lang='lat' dir='ltr'>Stilum</span> 
     </span>
     <span class='ocr_line' id='line_1_25' title="bbox 149 2208 895 2292; baseline 0.005 -22"><span class='ocrx_word' id='word_1_137' title='bbox 149 2209 278 2270; x_wconf 83' lang='lat' dir='ltr'>adhibuit</span> <span class='ocrx_word' id='word_1_138' title='bbox 287 2210 449 2291; x_wconf 86' lang='lat' dir='ltr'>simplicem</span> <span class='ocrx_word' id='word_1_139' title='bbox 460 2208 553 2292; x_wconf 86' lang='lat' dir='ltr'>‚saepe</span> <span class='ocrx_word' id='word_1_140' title='bbox 563 2212 707 2292; x_wconf 90' lang='lat' dir='ltr'>optimum</span> <span class='ocrx_word' id='word_1_141' title='bbox 718 2256 728 2285; x_wconf 94' lang='lat'>,</span> <span class='ocrx_word' id='word_1_142' title='bbox 739 2210 895 2292; x_wconf 87' lang='lat' dir='ltr'>aliquando</span> 
     </span>
     <span class='ocr_line' id='line_1_26' title="bbox 148 2287 895 2428; baseline 0.001 -77"><span class='ocrx_word' id='word_1_143' title='bbox 148 2293 233 2352; x_wconf 89' lang='lat' dir='ltr'>nimis</span> <span class='ocrx_word' id='word_1_144' title='bbox 247 2287 392 2372; x_wconf 62' lang='lat' dir='ltr'>abjeilum</span> <span class='ocrx_word' id='word_1_145' title='bbox 405 2313 439 2351; x_wconf 90' lang='lat' dir='ltr'>ac</span> <span class='ocrx_word' id='word_1_146' title='bbox 452 2312 547 2428; x_wconf 71' lang='lat' dir='ltr'>prope</span> <span class='ocrx_word' id='word_1_147' title='bbox 560 2292 723 2351; x_wconf 88' lang='lat' dir='ltr'>barbarum.</span> <span class='ocrx_word' id='word_1_148' title='bbox 742 2291 895 2369; x_wconf 89' lang='lat' dir='ltr'>Quasdam</span> 
     </span>
     <span class='ocr_line' id='line_1_27' title="bbox 151 2369 894 2448; baseline 0.001 -14"><span class='ocrx_word' id='word_1_149' title='bbox 151 2369 503 2448; x_wconf 82' lang='lat' dir='ltr'>etiamnarrationesjocis</span> <span class='ocrx_word' id='word_1_150' title='bbox 534 2369 638 2429; x_wconf 86' lang='lat' dir='ltr'>onestis</span> <span class='ocrx_word' id='word_1_151' title='bbox 647 2372 766 2431; x_wconf 88' lang='lat' dir='ltr'>inseruit</span> <span class='ocrx_word' id='word_1_152' title='bbox 774 2370 894 2434; x_wconf 86' lang='lat' dir='ltr'>homine</span> 
     </span>
     <span class='ocr_line' id='line_1_28' title="bbox 151 2450 832 2534; baseline -0.001 -20"><span class='ocrx_word' id='word_1_153' title='bbox 151 2450 303 2514; x_wconf 85' lang='lat' dir='ltr'>christiano</span> <span class='ocrx_word' id='word_1_154' title='bbox 319 2467 407 2532; x_wconf 86' lang='lat' dir='ltr'>atque</span> <span class='ocrx_word' id='word_1_155' title='bbox 418 2451 546 2530; x_wconf 90' lang='lat' dir='ltr'>ingenuo</span> <span class='ocrx_word' id='word_1_156' title='bbox 581 2451 677 2510; x_wconf 82' lang='lat' dir='ltr'>rorsirs</span> <span class='ocrx_word' id='word_1_157' title='bbox 689 2450 832 2534; x_wconf 87' lang='lat' dir='ltr'>indignas.</span> 
     </span>
    </p>

    <p class='ocr_par' dir='ltr' id='par_1_5' title="bbox 151 2471 897 2858">
     <span class='ocr_line' id='line_1_29' title="bbox 192 2471 895 2607; baseline 0.003 -13"><span class='ocrx_word' id='word_1_158' title='bbox 192 2531 383 2602; x_wconf 67' lang='lat' dir='ltr'>Garmai.</span> <span class='ocrx_word' id='word_1_159' title='bbox 400 2530 526 2591; x_wconf 87' lang='lat' dir='ltr'>Faernus</span> <span class='ocrx_word' id='word_1_160' title='bbox 544 2471 777 2607; x_wconf 50' lang='lat' dir='ltr'>glemonensis,</span> <span class='ocrx_word' id='word_1_161' title='bbox 800 2534 895 2596; x_wconf 90' lang='lat' dir='ltr'>bonus</span> 
     </span>
     <span class='ocr_line' id='line_1_30' title="bbox 151 2611 895 2696; baseline 0.007 -24"><span class='ocrx_word' id='word_1_162' title='bbox 151 2630 242 2696; x_wconf 90' lang='lat' dir='ltr'>poeta</span> <span class='ocrx_word' id='word_1_163' title='bbox 254 2635 262 2688; x_wconf 81' lang='lat'>3</span> <span class='ocrx_word' id='word_1_164' title='bbox 274 2611 456 2694; x_wconf 90' lang='lat' dir='ltr'>Criticusque</span> <span class='ocrx_word' id='word_1_165' title='bbox 465 2613 519 2673; x_wconf 84' lang='lat' dir='ltr'>insi</span> <span class='ocrx_word' id='word_1_166' title='bbox 540 2615 602 2687; x_wconf 88' lang='lat' dir='ltr'>nis,</span> <span class='ocrx_word' id='word_1_167' title='bbox 615 2613 692 2674; x_wconf 90' lang='lat' dir='ltr'>bene</span> <span class='ocrx_word' id='word_1_168' title='bbox 704 2613 739 2674; x_wconf 92' lang='lat' dir='ltr'>de</span> <span class='ocrx_word' id='word_1_169' title='bbox 751 2612 895 2677; x_wconf 90' lang='lat' dir='ltr'>Terentio</span> 
     </span>
     <span class='ocr_line' id='line_1_31' title="bbox 152 2634 895 2776; baseline 0.007 -23"><span class='ocrx_word' id='word_1_170' title='bbox 152 2697 291 2768; x_wconf 84' lang='lat' dir='ltr'>metitus,</span> <span class='ocrx_word' id='word_1_171' title='bbox 306 2694 379 2755; x_wconf 91' lang='lat' dir='ltr'>obiit</span> <span class='ocrx_word' id='word_1_172' title='bbox 391 2693 496 2754; x_wconf 76' lang='lat' dir='ltr'>Roma</span> <span class='ocrx_word' id='word_1_173' title='bbox 515 2634 561 2754; x_wconf 69' lang='lat' dir='ltr'>‹iie</span> <span class='ocrx_word' id='word_1_174' title='bbox 583 2713 629 2772; x_wconf 90' lang='lat'>17.</span> <span class='ocrx_word' id='word_1_175' title='bbox 645 2692 727 2754; x_wconf 85' lang='lat' dir='ltr'>Nov.</span> <span class='ocrx_word' id='word_1_176' title='bbox 746 2715 792 2754; x_wconf 88' lang='lat' dir='ltr'>an.</span> <span class='ocrx_word' id='word_1_177' title='bbox 809 2699 895 2776; x_wconf 80' lang='lat'>1561.</span> 
     </span>
     <span class='ocr_line' id='line_1_32' title="bbox 155 2772 897 2858; baseline 0 -22"><span class='ocrx_word' id='word_1_178' title='bbox 155 2772 284 2836; x_wconf 86' lang='lat' dir='ltr'>Centum</span> <span class='ocrx_word' id='word_1_179' title='bbox 293 2773 403 2836; x_wconf 82' lang='lat' dir='ltr'>fabulas</span> <span class='ocrx_word' id='word_1_180' title='bbox 411 2777 494 2835; x_wconf 86' lang='lat' dir='ltr'>vario</span> <span class='ocrx_word' id='word_1_181' title='bbox 504 2778 662 2836; x_wconf 84' lang='lat' dir='ltr'>carminum</span> <span class='ocrx_word' id='word_1_182' title='bbox 678 2795 785 2858; x_wconf 84' lang='lat' dir='ltr'>genere</span> <span class='ocrx_word' id='word_1_183' title='bbox 800 2778 897 2858; x_wconf 86' lang='lat' dir='ltr'>expli-</span> 
     </span>
    </p>

    <p class='ocr_par' dir='ltr' id='par_1_6' title="bbox 91 2855 897 3021">
     <span class='ocr_line' id='line_1_33' title="bbox 91 2855 896 2939; baseline 0 -21"><span class='ocrx_word' id='word_1_184' title='bbox 91 2863 95 2870; x_wconf 82' lang='grc'><em>“</em></span> <span class='ocrx_word' id='word_1_185' title='bbox 155 2872 232 2918; x_wconf 77' lang='lat' dir='ltr'>canas</span> <span class='ocrx_word' id='word_1_186' title='bbox 249 2859 377 2916; x_wconf 87' lang='lat' dir='ltr'>moriens</span> <span class='ocrx_word' id='word_1_187' title='bbox 390 2855 516 2937; x_wconf 83' lang='lat' dir='ltr'>reliquit.</span> <span class='ocrx_word' id='word_1_188' title='bbox 530 2855 608 2935; x_wconf 83' lang='lat' dir='ltr'>Quae</span> <span class='ocrx_word' id='word_1_189' title='bbox 621 2855 718 2939; x_wconf 87' lang='lat' dir='ltr'>figuris</span> <span class='ocrx_word' id='word_1_190' title='bbox 732 2860 762 2916; x_wconf 91' lang='lat' dir='ltr'>in</span> <span class='ocrx_word' id='word_1_191' title='bbox 778 2877 835 2918; x_wconf 83' lang='lat' dir='ltr'>aere</span> <span class='ocrx_word' id='word_1_192' title='bbox 851 2861 896 2918; x_wconf 93' lang='lat' dir='ltr'>in·</span> 
     </span>
     <span class='ocr_line' id='line_1_34' title="bbox 156 2935 897 3021; baseline 0.003 -21"><span class='ocrx_word' id='word_1_193' title='bbox 156 2939 219 3000; x_wconf 89' lang='lat' dir='ltr'>cisis</span> <span class='ocrx_word' id='word_1_194' title='bbox 239 2936 420 3020; x_wconf 85' lang='lat' dir='ltr'>elegantibus</span> <span class='ocrx_word' id='word_1_195' title='bbox 435 2935 583 3000; x_wconf 74' lang='lat' dir='ltr'>adornate</span> <span class='ocrx_word' id='word_1_196' title='bbox 603 2936 774 3021; x_wconf 87' lang='lat' dir='ltr'>prodierunt</span> <span class='ocrx_word' id='word_1_197' title='bbox 792 2937 897 3004; x_wconf 83' lang='lat' dir='ltr'>Romae</span> 
     </span>
    </p>
   </div>
   <div class='ocr_carea' id='block_1_5' title="bbox 0 0 1008 3570">
    <p class='ocr_par' dir='ltr' id='par_1_7' title="bbox 0 0 1008 3570">
     <span class='ocr_line' id='line_1_35' title="bbox 0 0 1008 3570; baseline 0 0"><span class='ocrx_word' id='word_1_198' title='bbox 0 0 1008 3570; x_wconf 95' lang='lat' dir='ltr'> </span> 
     </span>
    </p>
   </div>
  </div>
 </body>
</html>
