1920 3564
136 281 229 334 ·mo
279 259 777 352 FAu„AEsourunuM

161 445 180 483 t
442 418 901 492 Qffi--gt

251 567 811 660 FABULAXIL

275 745 394 838 Agnus*
402 792 416 826 ‚
433 745 557 826 Canis,
575 745 604 812 a
622 746 745 834 Lupus.
766 763 779 798 ⁵

158 871 222 990 Su
233 949 251 988 υ
261 954 269 987 1
281 950 298 988 o
309 951 347 988 sA
361 950 436 990 mater
449 974 457 999 ,
474 939 499 990 &
512 939 581 1008 sagax
593 937 692 988 dederat
704 937 770 1004 opta

155 1009 262 1060 Fidelem
275 1045 282 1070 ‚
302 1011 322 1060 si
334 1013 385 1078 quis
396 1029 498 1080 unquam
513 1014 573 1062 alius
586 1046 592 1070 ‚
608 1011 699 1062 Canem
710 1013 755 1062 suo

155 1082 284 1133 Custodem
296 1083 426 1152 Agniculo.
440 1087 496 1134 Non
507 1099 559 1138 erat
570 1085 610 1134 ille
621 1085 724 1148 bellulua
736 1119 744 1145 ‚

155 1155 242 1222 Neque
253 1155 337 1222 aliquis
351 1175 412 1208 uuus
424 1174 454 1210 ex
469 1159 534 1217 illis,
555 1158 595 1226 qui
608 1159 719 1208 comiter.
764 1161 767 1172 '

156 1227 369 1291 Adblandiunrur;
387 1243 412 1281 ar
427 1247 578 1300 generosus,
600 1231 625 1282 &
640 1231 744 1291 valens,

157 1301 270 1372 Acerque
281 1336 289 1362 ,
307 1303 334 1355 δι
345 1319 430 1356 omnes
439 1305 480 1375 qui
489 1303 641 1358 feroxhustir
651 1304 735 1372 Lupos

156 1379 241 1446 Usque
256 1379 395 1440 allatraret,
410 1389 553 1448 arceretque
564 1375 669 1445 longiris.

194 1452 304 1503 custodis
316 1452 386 1518 hujus
397 1453 572 1520 imprudentem
581 1451 666 1504 taeduit

156 1522 304 1583 Alumnum3
323 1527 425 1594 crimque
437 1527 472 1577 de·
480 1525 579 1576 tutelari
592 1524 639 1574 fide

156 1597 246 1647 Furtim
258 1597 362 1660 exeundi
373 1599 525 1650 occasionem
537 1607 675 1665 quaereret,

155 1667 237 1736 Lupus
253 1687 312 1720 ecce
327 1672 452 1730 occurrit,
470 1673 559 1723 artibus
570 1671 692 1721 instruttus
704 1669 773 1722 malis
856 1717 866 1732 ,

156 1745 309 1801 Veterator,
327 1744 404 1794 tellus
419 1747 483 1812 pelle
499 1745 587 1803 ovilli,
599 1745 638 1812 qui
653 1745 717 1794 suam

156 1815 315 1866 Dissimulanr
327 1833 414 1866 vocem
429 1818 464 1866 sic
479 1834 533 1867 eum
547 1818 676 1883 alloquitur
687 1816 754 1883 prior
766 1833 775 1866 c

145 1889 220 1962 'Mihi
232 1889 291 1940 Fors
302 1891 364 1939 bona
376 1890 442 1940 favet
454 1925 461 1950 ‚
476 1889 552 1958 quite
565 1891 639 1941 solum
649 1888 801 1948 invenerim,

157 1960 287 2022 Amicule5
304 1980 401 2030 operam
413 1963 460 2030 jam
475 1978 545 2015 antea
560 1964 604 2014 tibi
618 1979 696 2014 meam

157 2036 301 2100 impendere
313 2037 397 2087 utilem
410 2071 418 2096 ,
432 2038 511 2088 animo
523 2035 702 2087 destinaveram.

156 2108 207 2157 Dic
218 2122 297 2159 aurem
309 2142 317 2166 ‚
334 2113 418 2160 amabo
430 2126 438 2159 r
450 2109 507 2176 quid
519 2109 561 2160 ribi
573 2127 626 2158 cum
642 2109 682 2160 itta
693 2105 777 2161 Bellut

156 2180 228 2229 Trilli
240 2182 265 2232 dc
276 2180 377 2241 severi,
399 2180 467 2246 cujus
482 2181 506 2232 in
521 2181 649 2234 custodiam

156 2251 195 2302 Te
208 2254 320 2304 traditum
332 2253 396 2316 etse,
414 2257 448 2306 sic
459 2256 584 2306 amabilem
597 2289 604 2316 ,
623 2255 719 2307 audio?

158 2327 303 2378 Moderator
313 2329 354 2378 ille
370 2327 420 2389 est,
438 2329 507 2379 chara
523 2346 593 2396 quem
608 2329 674 2380 dedit
685 2329 793 2386 Parent,

157 2399 293 2465 Respondit
304 2402 396 2469 Agnus.
414 2401 479 2451 Huic
490 2401 570 2467 Lupus
581 2403 663 2453 retulit
677 2418 685 2454 t
698 2403 772 2453 Suum

157 2473 261 2544 Egregie
279 2473 425 2534 Alnmnum,
447 2473 472 2524 ὃ(
486 2473 580 2525 erudite
594 2475 685 2527 sedicet

158 2545 283 2597 instituere
295 2547 335 2597 ille
348 2545 435 2606 ndrit,
450 2547 514 2601 aliud
529 2549 569 2615 qui
583 2547 659 2607 nihil.

158 2617 249 2670 Praeter
260 2621 347 2672 latrare
360 2655 367 2680 ‚
385 2620 468 2672 didicit
480 2619 487 2671 l
501 2622 521 2672 si
533 2622 611 2673 credie
621 2621 696 2684 mihi,

158 2692 292 2754 Dollorem
303 2696 370 2745 sanus
380 2693 528 2745 invenustum
539 2693 647 2746 deseres.

158 2764 203 2812 Me
218 2766 317 2832 sequere
330 2786 337 2820 ς
349 2769 426 2818 disces
439 2769 577 2836 quidpiam,
594 2769 659 2835 quod
672 2767 704 2820 sit
715 2766 790 2836 magis

158 2833 177 2884 E
192 2852 218 2884 re
232 2838 293 2896 rud,
310 2842 384 2908 magis
398 2841 469 2895 etiam
483 2842 578 2908 placeat
591 2843 644 2898 ribi.

161 3024 163 3027 ,
182 2997 191 3021 a
204 2980 257 3022 Jeiur
267 2980 361 3022 liibliorh.
372 2975 454 3024 Rhetor.
466 2985 527 3026 Tom.
540 3001 556 3027 r.
567 3000 612 3040 pag.
621 2998 666 3039 745.
