1928 3554
177 254 253 332 266
305 255 424 322 ΓΑΒ.
450 211 805 322 AEsopranvm

180 417 900 492 nffigffiQ

272 571 601 653 FABULA
667 569 826 654 XVI·

476 745 619 814 Turdis

176 857 245 978 Α
255 933 277 970 Μ
287 935 304 970 Α
314 935 353 971 ns
368 917 453 988 quietis
465 953 473 978 ,
491 915 660 986 &periculum
672 915 762 973 timens

172 997 244 1050 Unus
260 995 289 1044 de
302 994 403 1051 multis,
425 993 464 1060 qui
478 993 595 1060 petebant
610 1006 707 1047 exteras

171 1066 313 1134 Regiones,
331 1065 434 1132 peregre
447 1064 513 1114 abire
527 1063 625 1117 Turdus
638 1067 720 1118 abnuit
733 1083 744 1127 ς

172 1143 270 1207 Suoque
284 1139 391 1189 viiiitate
406 1138 478 1190 natali
492 1139 564 1198 suio,

173 1215 198 1265 st
210 1215 259 1264 fors
271 1215 342 1264 beate
358 1211 452 1270 minsis,
471 1225 496 1262 at
510 1223 577 1262 certe
593 1212 691 1276 tutius,

173 1286 273 1339 Maluit.
291 1288 396 1340 Acutum
407 1285 458 1353 post
468 1285 508 1336 uhi
523 1285 614 1336 remisit
624 1287 701 1354 gelu,

171 1361 334 1428 Hiememque
343 1361 408 1411 veris
418 1360 510 1426 pellere
522 1373 648 1424 coeperunt
658 1360 743 1420 vices,

171 1434 212 1484 Ad
224 1434 247 1485 se
258 1433 351 1486 reverti
360 1433 504 1502 Peregrinos
514 1433 610 1484 tandem
621 1433 689 1484 videt

171 1507 244 1558 Duos
258 1507 366 1558 omnino.
382 1505 558 1557 commiserens
571 1505 597 1555 hi
612 1506 729 1572 quidem,

170 1579 297 1647 Etiamque
309 1580 373 1632 mule
387 1579 508 1648 pinguiori
519 1579 628 1646 corporis

169 1651 371 1703 Distenderentur
383 1686 391 1711 ,
409 1653 497 1704 sortem
507 1651 626 1719 jaciebant
636 1652 700 1703 suam
715 1668 721 1702 :

170 1725 278 1793 Tuque,
296 1725 453 1792 inquiebant,
469 1725 489 1774 si
503 1725 614 1776 voluiss'es
628 1727 691 1776 hunc
707 1728 790 1778 locum

169 1799 314 1858 Deserere,
333 1800 359 1851 &
374 1799 420 1848 effe
436 1795 508 1850 nostri
525 1799 615 1865 incepti
627 1799 769 1866 particeps,

170 1874 229 1924 Non
241 1873 275 1923 sic
290 1874 417 1942 langueret
430 1871 566 1922 invenustus
579 1905 586 1936 ,
606 1872 733 1923 &macen

169 1947 264 1996 contra
274 1946 315 1996 ille
327 1947 410 1997 retulit
424 1962 432 1998 t
448 1945 510 1998 Mihi
522 1979 531 2005 ,
546 1961 627 1996 macro
638 1943 833 2013 quantumlibit,

168 2019 202 2082 Et
213 2019 337 2071 invenusto
350 2054 359 2080 ‚
376 2019 464 2072 vividae
477 2019 541 2070 vites
553 2030 636 2070 tamen

168 2093 327 2160 vigescunt:
341 2105 367 2142 at
379 2091 481 2143 validior
494 2091 544 2152 esto
559 2092 666 2154 sanitas,

168 2165 309 2232 Meliusque
319 2161 398 2216 nostri
408 2181 453 2217 vos
464 2167 662 2218 corroboraverit
672 2181 683 2225 ς

167 2237 273 2303 Quantis
283 2251 406 2308 repertum
417 2238 451 2290 est
462 2239 511 2291 hoc
524 2241 613 2290 bonum
626 2237 742 2307 periculis

169 2314 335 2365 Obnoxium?
351 2314 427 2367 Abire
439 2326 508 2367 tanto
519 2330 579 2380 quos
596 2310 645 2364 vidi
657 2329 733 2382 grege
745 2345 754 2374 ,

167 2385 220 2436 Cur
234 2387 307 2438 video
320 2404 365 2439 vos
377 2386 507 2437 rediretis
519 2385 688 2438 centesimos?

204 2460 282 2510 Trans
293 2459 420 2513 Oceanum
432 2475 493 2526 opes
506 2461 546 2525 qui
556 2460 696 2528 peregrinas
707 2470 793 2528 petunt
805 2491 814 2517 ,

167 2531 201 2598 iii
212 2533 316 2588 fabulam
326 2533 356 2584 ad
367 2532 391 2584 se
404 2534 527 2604 pertinere
541 2533 683 2593 existiment.

173 2688 177 2700 ·
189 2687 202 2724 γ
213 2673 313 2728 Faernus,
330 2674 379 2727 Feb,
391 2675 455 2722 vlu.

401 2953 407 2962 ,
473 2837 586 2962 uu
