1920 3564
182 243 257 333 194
310 235 429 304 Fan.
456 235 804 311 AEsomnvnt

177 357 239 412 Haec
251 356 389 424 conspicata
399 355 464 408 forti
476 369 604 424 putentes
616 358 676 410 duas

177 433 205 482 ln
217 433 289 482 litore
300 432 392 481 Anates
404 447 411 480 τ
424 431 477 480 Vos
491 429 506 479 ὂ
517 431 601 481 felices
612 464 620 489 ‚
636 433 690 491 ait,

177 505 273 569 Quibus
283 517 389 556 remotae
397 502 477 554 visere
488 502 546 572 litet
557 537 566 562 ,
583 502 637 554 edm
648 507 708 556 libet
719 540 727 565 ‚

175 579 299 648 Regiones
313 575 418 627 !·Nostra
428 585 478 625 non
489 575 580 626 obesset
588 577 688 628 tarditas
701 596 710 638 3

175 655 207 706 Et
217 655 275 711 iila,
295 667 365 719 quam
375 648 466 718 gestare
479 649 587 718 cogimur
599 683 607 708 ,
624 651 710 702 domus

175 729 232 786 Non
244 726 371 791 impediret
381 740 389 783 ς
405 723 453 773 hoc
463 721 520 773 mihi
531 723 605 772 soium
615 725 726 789 protinus

173 799 318 857 Deserere,
335 813 422 863 meque
436 807 514 846 terres
523 796 578 846 hinc
590 796 619 845 ad
632 798 727 850 ultimas

172 873 196 922 T
197 872 318 926 tansferre
329 871 414 922 libeat.
421 868 469 920 'lna
479 885 511 919 ne
520 880 547 919 te
558 882 664 920 nucetet

171 945 258 1001 Libido
270 978 278 1003 ‚
296 935 378 999 dicdnt
389 942 499 1001 Anates;
514 941 609 1009 ipsam,
624 943 646 992 si
655 942 736 1008 velia,

170 1019 225 1071 Nos
236 1018 311 1071 ambe
321 1016 393 1066 facile
403 1016 502 1080 explere
513 1047 522 1073 ‚
541 1015 665 1082 statimque
677 1049 685 1076 ,
702 1016 834 1081 possumus,

169 1092 203 1142 Se
214 1089 316 1156 spondet
327 1099 407 1138 autent
417 1085 529 1140 beneficii
537 1104 671 1143 memorem
681 1090 737 1140 fore

170 1163 288 1216 Testudo.
304 1161 416 1219 Atilia,
432 1175 511 1210 tamus
525 1173 554 1210 ut
565 1161 631 1212 torte
643 1164 737 1214 arboria

168 1237 271 1292 Excitat
285 1237 385 1294 aderat,
398 1235 488 1288 tollunt
499 1265 507 1292 ,
521 1245 593 1301 atque
606 1251 613 1285 a
625 1235 683 1294 Tu,
698 1236 826 1304 inquiunt,

170 1311 243 1362 Hunc
257 1309 343 1378 stringe
357 1308 461 1359 medium
472 1307 600 1366 dentibus,
613 1308 727 1374 quanttim
737 1324 829 1377 potest

168 1383 337 1450 Aptantesque
350 1398 395 1450 pet
404 1397 432 1431 oe
442 1380 594 1448 Domiportae
604 1383 674 1433 simul
684 1383 795 1438 inserunt
806 1401 816 1447 3

167 1455 341 1522 Monentque,
360 1465 448 1504 caveat·
455 1485 463 1512 ,
482 1470 514 1504 ne
528 1453 559 1504 de
575 1454 645 1506 cauti
659 1455 767 1522 quilibet

166 1529 280 1580 Dimittat
290 1543 394 1593 unquam
402 1526 437 1578 eie
450 1539 572 1592 arreptum
582 1529 702 1580 mordicus
714 1545 724 1580 t

165 1601 275 1669 ipsaeque
290 1615 346 1651 mox
353 1633 362 1658 ,
375 1598 484 1665 ejusdem
494 1602 609 1652 extremis
621 1602 723 1670 virgula

164 1672 274 1724 Partibus
285 1673 398 1738 utrinque
408 1673 499 1739 pariter
511 1674 643 1733 admontis,
654 1678 741 1740 volant
754 1711 762 1736 .
796 1693 798 1700 ·

162 1747 272 1800 Nostram
287 1747 313 1798 δι
322 1761 367 1812 per
377 1761 446 1796 auras
455 1744 560 1798 efferunt
571 1747 737 1813 Testudinem,

200 1819 250 1883 Bes
260 1819 310 1872 visa
320 1817 374 1870 ciam
383 1818 443 1870 effet
450 1819 554 1887 proximi
564 1821 618 1888 pagi
631 1819 716 1872 incolis
729 1857 736 1882 ,

162 1893 314 1962 Sntpuetnnt
323 1909 407 1946 omnes
419 1893 526 1944 insolens
538 1893 697 1960 spedtaeoium
710 1913 720 1956 ς

161 1967 194 2019 Et
208 1969 358 2019 clamitantes
368 1968 404 2018 ire
414 1983 459 2034 per
471 1967 570 2017 arduum
581 1968 671 2018 aethera

160 2039 336 2102 Testudinem,
354 2037 402 2092 imd
415 2039 532 2107 Reginam
544 2039 700 2092 Testudinum
711 2075 720 2106 ‚

160 2113 220 2164 Eam
231 2115 341 2164 salutant.
354 2113 433 2163 Stulta
444 2109 513 2179 gestit
523 2111 548 2161 in
558 2112 611 2164 sinu
621 2130 630 2172 ;

159 2185 191 2236 Et
202 2203 209 2237 ε
222 2185 278 2238 Sum
289 2185 382 2252 Regina
392 2220 400 2248 ‚
420 2185 499 2254 gaudii
508 2185 628 2252 impotens
639 2186 672 2238 eit
684 2204 692 2238 t

157 2259 195 2309 lta
206 2259 261 2311 sani
273 2279 282 2321 ς
300 2259 357 2309 nihil
369 2257 403 2310 est
414 2259 509 2318 verius.
526 2257 619 2327 Regina
631 2259 690 2314 sum.

157 2331 280 2384 'iacuisset
290 2334 349 2391 illa,
365 2333 456 2383 fecisset
469 2332 629 2398 prudentids:
675 2335 677 2340 ’

157 2407 267 2473 Namque
279 2423 307 2456 os
317 2415 425 2469 apertum
436 2403 588 2467 sustinentem
599 2406 717 2473 ‘virgulam

158 2477 283 2546 Postquam
293 2477 409 2542 reliquit,
424 2474 473 2543 ipsa
486 2477 550 2528 duris
563 2479 672 2530 cautibus
741 2497 745 2504 ·

155 2550 219 2603 iilisa
235 2551 316 2618 petiit.
333 2551 391 2609 sic,
411 2552 472 2600 maia
488 2551 612 2602 curiositas
664 2555 668 2574 ¹
710 2554 712 2563 '

156 2625 232 2692 Quod
242 2623 347 2690 meruit,
362 2623 443 2696 inepta
454 2623 567 2694 gloriatio
577 2624 653 2688 dedit.
751 2643 755 2652 ·
