1928 3554
172 253 344 320 LIBER
372 267 645 322 Dicturus,
705 252 782 351 &65

40 377 164 442 Suamque
176 375 284 423 miseram
296 375 437 424 omitterent
449 386 545 433 cutem,
558 375 678 426 horridam

40 447 175 498 Ulceribus
189 465 197 505 ;
215 444 334 513 aliumque
346 444 415 496 simui
427 447 553 497 ostendens
569 449 662 515 Equum

42 521 160 587 Pinguem
175 521 200 572 &
213 523 348 578 nitentem,
369 521 452 571 suadet
463 534 491 570 ut
504 522 528 571 in
541 521 605 573 hunc
616 523 732 580 devolent
744 560 753 587 ,

34 595 177 650 ¹Meliorem
194 594 281 659 quippe
296 605 415 658 potaturae
431 593 576 660 sanguinem.

41 666 189 733 Respondet
203 683 249 715 una
261 682 267 715 :
278 665 353 718 Forte
364 664 434 716 fieret
446 667 510 732 quod
523 685 614 736 rogas,

43 742 97 791 Nisi
111 741 153 789 ille
168 737 264 788 nimiirm
277 740 453 803 corpulentus,
470 739 597 798 &ferox,

44 813 200 878 Nimiumque
216 811 290 878 longi
304 812 417 878 praeditus
432 812 508 862 cauda
521 814 597 865 foret.

81 887 180 938 Fabella
191 885 303 960 quasdam
313 885 344 934 ad
354 885 446 956 sangui
438 903 507 953 ugus
517 887 623 952 pertinet
633 922 642 949 ,

45 959 111 1024 Quae
126 970 216 1030 vexant
230 957 350 1020 miseros,
369 961 382 1009 ὲ
398 959 476 1010 beatis
491 959 617 1026 abstinent,

54 1101 784 1176 oe===fflfflffl===ar

171 1252 515 1328 FABULA
569 1256 670 1336 XV.

235 1427 358 1504 Orator
373 1427 419 1494 ad
432 1428 620 1538 Statuas
595 1451 612 1486 x

54 1533 251 1652 Surum
266 1597 296 1646 ad
306 1610 403 1648 veteres
414 1617 509 1666 „quae
513 1599 705 1658 ἁοξίὶΑιιίῆιῖι
723 1623 793 1670 manu

50 1671 154 1732 Politae,
173 1669 231 1720 fietis
249 1671 415 1738 exprimebant
430 1673 535 1723 vultibus

49 1743 281 1795 Monstravitiorurn
297 1747 378 1804 varia,
398 1747 474 1812 qualia
489 1747 541 1798 sunt
554 1748 629 1802 Amor
698 1807 700 1812 ,

50 1819 173 1876 illicitus,
188 1819 244 1876 ira,
262 1817 354 1876 Livor,
370 1819 496 1876 Ambitio,
514 1821 608 1882 furor,

49 1892 115 1942 Dum
130 1891 205 1940 verba
221 1890 333 1954 copiosus
347 1890 439 1939 Orator
452 1891 529 1949 facit,

49 1967 164 2030 Acerque
178 1963 307 2020 fulminat,
325 1963 350 2012 &
362 1962 459 2011 suadere
474 1961 576 2030 nititur,

50 2039 84 2087 Ut
96 2037 126 2086 ad
137 2038 226 2086 bonam
236 2035 346 2100 recipere
360 2035 383 2088 se
395 2025 488 2102 frugem
499 2036 596 2088 veiint:
657 2097 660 2102 Δ

50 2111 197 2161 Commouet
208 2108 323 2157 Amicus
318 2141 325 2168 ,
343 2124 430 2158 canere
444 2108 517 2158 surdis
529 2110 642 2178 desinat,

50 2183 171 2249 Suamque
181 2179 261 2248 potiris
273 2183 301 2228 ad
306 2183 423 2234 homines
433 2181 566 2232 facundiam

53 2251 649 2310 convertantlleveroMene‚nommes11cet

51 2329 194 2402 Adporter,
210 2326 304 2393 inquit,
321 2327 374 2397 plus
385 2325 547 2411 prostitutum
557 2328 661 2398 putas?
691 2337 693 2344 ’
713 2370 715 2374 .

75 2485 88 2510 x
101 2469 192 2518 kicher,
207 2467 251 2509 Lib.
260 2467 304 2510 ,XL
318 2467 368 2512 Feb.
381 2468 453 2509 XVII.
