1982 3570
153 261 157 267 .
205 211 212 222 ··
249 205 685 278 Lrnannnrarun
782 209 834 292 '15

91 323 211 378 Omnibus
222 321 254 378 ad
270 345 345 380 unum
360 327 452 388 Malis,
467 326 578 396 jamnon
594 328 693 388 aureis,

90 397 167 450 Luem
181 401 316 462 insedisse,
336 402 361 454 δι
378 403 501 453 horridam
517 403 679 468 putredinem.

89 471 123 523 Et
137 476 301 526 calamitatem
316 493 365 526 non
381 493 429 546 ego
441 477 504 526 hanc
520 475 693 541 predixeram,

89 546 245 600 Exclamat?
263 551 310 600 lreu
327 567 366 600 me
385 551 391 600 !
411 553 482 617 qudrn
498 565 571 600 verus
584 549 682 608 sorem,
699 544 769 599 nimis

90 621 262 690 intelligebam
280 639 289 674 r
308 623 349 674 sed
367 624 439 675 aliter
453 623 532 674 visum
548 623 610 682 ribi,

89 691 173 745 Pater.
192 696 290 748 Dolore
307 694 379 762 (non
395 697 457 748 renti
471 695 525 764 esi)
545 695 597 755 sili,
615 692 725 755 abstine,

89 767 134 818 Ait
152 768 214 828 ille,
232 769 336 839 jungens
350 773 423 838 plena
440 771 528 822 amoris
544 769 647 821 oscula:

88 839 148 892 Tibi
164 842 232 910 qudd
245 845 337 896 habere
354 846 425 912 super
439 845 477 897 hia
492 843 612 896 noluerim
626 841 718 901 fidem,

87 911 211 978 Quereris
229 933 238 967 τ
253 929 279 970 at
294 918 346 985 ipae
363 919 478 986 numquid
494 918 632 970 credideras
647 916 726 975 mihi.

86 987 158 1039 Durn
174 1007 374 1053 commonerem,
389 993 440 1044 vita
455 1007 556 1059 qnorum
571 1007 621 1042 non
637 990 704 1042 soret

86 1061 239 1130 impuritatis
256 1081 364 1132 expers,
380 1071 450 1134 quim
467 1064 537 1118 facile
554 1065 579 1116 in
594 1065 681 1114 malam

86 1134 227 1191 Perniciem
246 1155 332 1190 eorum
350 1139 454 1192 societas
471 1135 627 1192 adduceret?

85 1207 185 1264 Periisse
203 1212 290 1272 Mala,
306 1214 371 1264 dono
387 1232 441 1280 qnae
456 1213 589 1271 dederam,
605 1211 698 1270 dolere

84 1282 213 1336 Damnum
228 1297 287 1350 puta
304 1285 363 1336 istud
382 1288 478 1336 &leve
495 1285 520 1334 δι
536 1284 684 1350 reparabile.

84 1356 136 1406 Sed
153 1356 298 1406 adulteraris
315 1357 336 1407 ei
352 1369 398 1416 te,
413 1371 489 1414 nate,
504 1357 612 1407 moribus

82 1429 228 1496 Aliquando
244 1427 298 1484 sieri
311 1431 426 1482 vitiosum
443 1431 621 1497 contingerem

82 1503 117 1554 Et
133 1503 177 1554 ish
195 1519 249 1568 ipre
265 1519 334 1554 nune
345 1515 476 1570 tantopere
491 1502 560 1569 juvat
577 1515 692 1570 patrem,

82 1576 152 1627 Vitae
168 1575 309 1628 innocentis
329 1577 352 1628 ei
371 1578 464 1645 periret
482 1576 598 1636 mdirasr
684 1589 686 1594 ·

83 1648 155 1713 Quid
170 1663 241 1716 petre
259 1651 348 1702 misero
362 1651 437 1704 fieret
452 1649 463 1701 ἓ
478 1663 578 1718 tamque
590 1647 681 1702 flebilis

83 1722 184 1776 Jassura
204 1741 253 1790 quo
270 1723 353 1776 sarciri
366 1724 415 1791 jam
434 1723 512 1793 posset
529 1721 626 1776 modo?

83 1795 143 1847 Hoc
163 1797 251 1849 dicitur
271 1798 395 1850 convislus
414 1800 528 1866 exemplo
543 1815 605 1865 puer

84 1869 222 1922 Meminisse
240 1871 352 1938 semper,
368 1873 487 1924 insincera
503 1875 573 1939 quam
590 1865 641 1922 citd

84 1942 223 1994 perniciem
240 1944 316 1996 Malis
332 1945 463 1996 intulissent
484 1945 596 2013 iruegris.

120 2018 183 2068 Haec
200 2017 299 2078 sabula,
314 2035 397 2084 puer,
412 2019 518 2086 quisquis
529 2035 573 2077 es,
587 2015 675 2083 scripta
687 2011 721 2068 est
733 2009 798 2066 tibi:

83 2089 148 2142 llard
164 2091 224 2142 boni
240 2104 266 2143 ta
282 2092 387 2144 reddent
402 2109 437 2158 err
447 2095 513 2144 malo
528 2093 618 2144 bonum
630 2107 643 2150 ς.

84 2163 228 2235 Malumqoe
241 2165 335 2233 semper
353 2183 385 2220 ex
402 2169 469 2220 bono
484 2167 590 2220 reddent
605 2162 673 2218 masi.
