<?xml version="1.0" encoding="UTF-8"?>
<!DOCTYPE html PUBLIC "-//W3C//DTD XHTML 1.0 Transitional//EN"
    "http://www.w3.org/TR/xhtml1/DTD/xhtml1-transitional.dtd">
<html xmlns="http://www.w3.org/1999/xhtml" xml:lang="en" lang="en">
 <head>
  <title>
</title>
<meta http-equiv="Content-Type" content="text/html;charset=utf-8" />
  <meta name='ocr-system' content='tesseract 3.04.00' />
  <meta name='ocr-capabilities' content='ocr_page ocr_carea ocr_par ocr_line ocrx_word'/>
</head>
<body>
  <div class='ocr_page' id='page_1' title='image "./franciscijoseph00aesogoog_0262.png"; bbox 0 0 1920 3564; ppageno 0'>
   <div class='ocr_carea' id='block_1_1' title="bbox 236 296 818 393">
    <p class='ocr_par' dir='ltr' id='par_1_1' title="bbox 236 296 818 393">
     <span class='ocr_line' id='line_1_1' title="bbox 236 296 818 393; baseline 0.002 -31"><span class='ocrx_word' id='word_1_1' title='bbox 236 296 418 362; x_wconf 68' lang='lat' dir='ltr'><em>LIBER</em></span> <span class='ocrx_word' id='word_1_2' title='bbox 444 311 658 368; x_wconf 71' lang='lat' dir='ltr'>NONUS.</span> <span class='ocrx_word' id='word_1_3' title='bbox 745 319 818 393; x_wconf 78' lang='lat'>233</span> 
     </span>
    </p>
   </div>
   <div class='ocr_carea' id='block_1_2' title="bbox 64 413 734 1070">
    <p class='ocr_par' dir='ltr' id='par_1_2' title="bbox 64 413 734 1070">
     <span class='ocr_line' id='line_1_2' title="bbox 65 413 633 484; baseline 0.005 -18"><span class='ocrx_word' id='word_1_4' title='bbox 65 413 152 481; x_wconf 76' lang='lat' dir='ltr'>Qudd</span> <span class='ocrx_word' id='word_1_5' title='bbox 164 433 243 484; x_wconf 87' lang='lat' dir='ltr'>usque</span> <span class='ocrx_word' id='word_1_6' title='bbox 253 416 340 466; x_wconf 88' lang='lat' dir='ltr'>eodem</span> <span class='ocrx_word' id='word_1_7' title='bbox 350 431 437 466; x_wconf 84' lang='lat' dir='ltr'>canere</span> <span class='ocrx_word' id='word_1_8' title='bbox 447 417 540 466; x_wconf 83' lang='lat' dir='ltr'>dicatur</span> <span class='ocrx_word' id='word_1_9' title='bbox 550 418 633 469; x_wconf 90' lang='lat' dir='ltr'>modo.</span> 
     </span>
     <span class='ocr_line' id='line_1_3' title="bbox 64 488 645 557; baseline 0.002 -19"><span class='ocrx_word' id='word_1_10' title='bbox 64 488 154 555; x_wconf 82' lang='lat' dir='ltr'>Igitur</span> <span class='ocrx_word' id='word_1_11' title='bbox 167 524 175 549; x_wconf 93' lang='lat'>,</span> <span class='ocrx_word' id='word_1_12' title='bbox 194 502 279 540; x_wconf 87' lang='lat' dir='ltr'>natura</span> <span class='ocrx_word' id='word_1_13' title='bbox 292 491 316 540; x_wconf 79' lang='lat' dir='ltr'>St</span> <span class='ocrx_word' id='word_1_14' title='bbox 327 506 383 540; x_wconf 85' lang='lat' dir='ltr'>usus</span> <span class='ocrx_word' id='word_1_15' title='bbox 398 489 462 555; x_wconf 78' lang='lat' dir='ltr'>quud</span> <span class='ocrx_word' id='word_1_16' title='bbox 471 489 645 557; x_wconf 82' lang='lat' dir='ltr'>perfecerant,</span> 
     </span>
     <span class='ocr_line' id='line_1_4' title="bbox 68 561 663 630; baseline 0.003 -16"><span class='ocrx_word' id='word_1_17' title='bbox 68 564 161 614; x_wconf 85' lang='lat' dir='ltr'>Omne</span> <span class='ocrx_word' id='word_1_18' title='bbox 174 563 198 612; x_wconf 89' lang='lat' dir='ltr'>id</span> <span class='ocrx_word' id='word_1_19' title='bbox 208 561 337 630; x_wconf 79' lang='lat' dir='ltr'>repudiat,</span> <span class='ocrx_word' id='word_1_20' title='bbox 356 562 381 612; x_wconf 78' lang='grc' dir='ltr'>δι</span> <span class='ocrx_word' id='word_1_21' title='bbox 396 579 474 613; x_wconf 86' lang='lat' dir='ltr'>novos</span> <span class='ocrx_word' id='word_1_22' title='bbox 489 574 568 612; x_wconf 83' lang='lat' dir='ltr'>tentet</span> <span class='ocrx_word' id='word_1_23' title='bbox 581 562 663 616; x_wconf 81' lang='lat' dir='ltr'>sonos.</span> 
     </span>
     <span class='ocr_line' id='line_1_5' title="bbox 69 629 622 703; baseline 0 -17"><span class='ocrx_word' id='word_1_24' title='bbox 69 637 111 686; x_wconf 87' lang='lat' dir='ltr'>Os</span> <span class='ocrx_word' id='word_1_25' title='bbox 127 635 291 703; x_wconf 86' lang='lat' dir='ltr'>distorquetur</span> <span class='ocrx_word' id='word_1_26' title='bbox 307 652 314 686; x_wconf 82' lang='lat' dir='ltr'>r</span> <span class='ocrx_word' id='word_1_27' title='bbox 333 637 390 685; x_wconf 82' lang='lat' dir='ltr'>dura</span> <span class='ocrx_word' id='word_1_28' title='bbox 404 652 455 686; x_wconf 79' lang='lat' dir='ltr'>vux</span> <span class='ocrx_word' id='word_1_29' title='bbox 469 629 622 686; x_wconf 82' lang='lat' dir='ltr'>extruditur:</span> 
     </span>
     <span class='ocr_line' id='line_1_6' title="bbox 68 709 665 776; baseline 0.003 -18"><span class='ocrx_word' id='word_1_30' title='bbox 68 710 172 760; x_wconf 87' lang='lat' dir='ltr'>Nescio</span> <span class='ocrx_word' id='word_1_31' title='bbox 184 709 240 776; x_wconf 88' lang='lat' dir='ltr'>quid</span> <span class='ocrx_word' id='word_1_32' title='bbox 251 711 344 759; x_wconf 87' lang='lat' dir='ltr'>canitur</span> <span class='ocrx_word' id='word_1_33' title='bbox 354 720 451 776; x_wconf 85' lang='lat' dir='ltr'>gutture</span> <span class='ocrx_word' id='word_1_34' title='bbox 461 709 538 758; x_wconf 85' lang='lat' dir='ltr'>invito</span> <span class='ocrx_word' id='word_1_35' title='bbox 549 709 665 761; x_wconf 85' lang='lat' dir='ltr'>insoleus.</span> 
     </span>
     <span class='ocr_line' id='line_1_7' title="bbox 68 781 705 848; baseline 0.003 -15"><span class='ocrx_word' id='word_1_36' title='bbox 68 783 189 833; x_wconf 83' lang='lat' dir='ltr'>Laudare</span> <span class='ocrx_word' id='word_1_37' title='bbox 205 783 436 848; x_wconf 83' lang='lat' dir='ltr'>solitivituperaui,</span> <span class='ocrx_word' id='word_1_38' title='bbox 452 781 472 830; x_wconf 84' lang='lat' dir='ltr'>si</span> <span class='ocrx_word' id='word_1_39' title='bbox 487 783 527 848; x_wconf 89' lang='lat' dir='ltr'>qui</span> <span class='ocrx_word' id='word_1_40' title='bbox 542 782 661 841; x_wconf 78' lang='lat' dir='ltr'>audiunt-3</span> <span class='ocrx_word' id='word_1_41' title='bbox 703 829 705 835; x_wconf 93' lang='lat'>.</span> 
     </span>
     <span class='ocr_line' id='line_1_8' title="bbox 68 855 734 923; baseline -0.002 -16"><span class='ocrx_word' id='word_1_42' title='bbox 68 856 216 923; x_wconf 78' lang='lat' dir='ltr'>mumque.</span> <span class='ocrx_word' id='word_1_43' title='bbox 234 856 335 914; x_wconf 89' lang='lat' dir='ltr'>dicunt,</span> <span class='ocrx_word' id='word_1_44' title='bbox 352 855 481 923; x_wconf 86' lang='lat' dir='ltr'><strong>Cycnum,</strong></span> <span class='ocrx_word' id='word_1_45' title='bbox 497 873 527 904; x_wconf 86' lang='lat' dir='ltr'>an</span> <span class='ocrx_word' id='word_1_46' title='bbox 542 855 660 906; x_wconf 78' lang='lat' dir='ltr'>Anserem</span> <span class='ocrx_word' id='word_1_47' title='bbox 674 855 734 906; x_wconf 84' lang='lat' dir='ltr'>licet</span> 
     </span>
     <span class='ocr_line' id='line_1_9' title="bbox 71 926 695 996; baseline 0.003 -16"><span class='ocrx_word' id='word_1_48' title='bbox 71 929 191 980; x_wconf 85' lang='lat' dir='ltr'>Credere</span> <span class='ocrx_word' id='word_1_49' title='bbox 201 927 212 979; x_wconf 71' lang='grc' dir='ltr'><strong>ἓ</strong></span> <span class='ocrx_word' id='word_1_50' title='bbox 221 927 306 996; x_wconf 53' lang='lat' dir='ltr'>„figura</span> <span class='ocrx_word' id='word_1_51' title='bbox 317 928 416 996; x_wconf 87' lang='lat' dir='ltr'><strong>Cycni,</strong></span> <span class='ocrx_word' id='word_1_52' title='bbox 433 945 483 979; x_wconf 79' lang='lat' dir='ltr'>vox</span> <span class='ocrx_word' id='word_1_53' title='bbox 498 928 531 980; x_wconf 83' lang='lat' dir='ltr'>est</span> <span class='ocrx_word' id='word_1_54' title='bbox 540 926 650 980; x_wconf 80' lang='lat' dir='ltr'>Anseris.</span> <span class='ocrx_word' id='word_1_55' title='bbox 692 975 695 982; x_wconf 33' lang='lat' dir='ltr'>l</span> 
     </span>
     <span class='ocr_line' id='line_1_10' title="bbox 109 999 731 1070; baseline 0 -17"><span class='ocrx_word' id='word_1_56' title='bbox 109 1001 172 1054; x_wconf 81' lang='lat' dir='ltr'>Hric</span> <span class='ocrx_word' id='word_1_57' title='bbox 187 1003 306 1070; x_wconf 82' lang='lat' dir='ltr'>sequere,</span> <span class='ocrx_word' id='word_1_58' title='bbox 324 1005 370 1070; x_wconf 75' lang='lat' dir='ltr'>qud</span> <span class='ocrx_word' id='word_1_59' title='bbox 379 1003 472 1053; x_wconf 86' lang='lat' dir='ltr'>Natura</span> <span class='ocrx_word' id='word_1_60' title='bbox 480 999 524 1052; x_wconf 90' lang='lat' dir='ltr'>tibi</span> <span class='ocrx_word' id='word_1_61' title='bbox 538 1001 651 1052; x_wconf 83' lang='lat' dir='ltr'>monstrat</span> <span class='ocrx_word' id='word_1_62' title='bbox 658 1001 731 1054; x_wconf 85' lang='lat' dir='ltr'>viam.</span> 
     </span>
    </p>
   </div>
   <div class='ocr_carea' id='block_1_3' title="bbox 76 1095 815 1402">
    <p class='ocr_par' dir='ltr' id='par_1_3' title="bbox 76 1095 815 1402">
     <span class='ocr_line' id='line_1_11' title="bbox 76 1095 815 1216; baseline -0.001 -9"><span class='ocrx_word' id='word_1_63' title='bbox 76 1095 815 1216; x_wconf 26' lang='grc' dir='ltr'>«ἐξερῶ»</span> 
     </span>
     <span class='ocr_line' id='line_1_12' title="bbox 202 1295 700 1402; baseline 0.004 -32"><span class='ocrx_word' id='word_1_64' title='bbox 202 1295 700 1402; x_wconf 79' lang='lat' dir='ltr'>FABULAX.</span> 
     </span>
    </p>
   </div>
   <div class='ocr_carea' id='block_1_4' title="bbox 250 1469 654 1562">
    <p class='ocr_par' dir='ltr' id='par_1_4' title="bbox 250 1469 654 1562">
     <span class='ocr_line' id='line_1_13' title="bbox 250 1469 654 1562; baseline 0 -25"><span class='ocrx_word' id='word_1_65' title='bbox 250 1469 371 1539; x_wconf 83' lang='lat' dir='ltr'><em>Simius</em></span> <span class='ocrx_word' id='word_1_66' title='bbox 393 1469 654 1562; x_wconf 66' lang='lat' dir='ltr'>&amp;Speculum</span> 
     </span>
    </p>
   </div>
   <div class='ocr_carea' id='block_1_5' title="bbox 73 1569 782 2684">
    <p class='ocr_par' dir='ltr' id='par_1_5' title="bbox 73 1569 713 1880">
     <span class='ocr_line' id='line_1_14' title="bbox 77 1569 668 1732; baseline 0.008 -19"><span class='ocrx_word' id='word_1_67' title='bbox 77 1569 219 1731; x_wconf 72' lang='lat' dir='ltr'>Qui,</span> <span class='ocrx_word' id='word_1_68' title='bbox 238 1666 314 1732; x_wconf 82' lang='lat' dir='ltr'>qualis</span> <span class='ocrx_word' id='word_1_69' title='bbox 329 1663 406 1726; x_wconf 83' lang='lat' dir='ltr'>esset,</span> <span class='ocrx_word' id='word_1_70' title='bbox 424 1663 548 1718; x_wconf 80' lang='lat' dir='ltr'>nesciebat</span> <span class='ocrx_word' id='word_1_71' title='bbox 563 1664 668 1726; x_wconf 81' lang='lat' dir='ltr'>Simius,</span> 
     </span>
     <span class='ocr_line' id='line_1_15' title="bbox 73 1736 713 1808; baseline 0.002 -20"><span class='ocrx_word' id='word_1_72' title='bbox 73 1737 107 1789; x_wconf 84' lang='lat' dir='ltr'>Et</span> <span class='ocrx_word' id='word_1_73' title='bbox 123 1739 147 1788; x_wconf 88' lang='lat' dir='ltr'>se</span> <span class='ocrx_word' id='word_1_74' title='bbox 162 1736 262 1805; x_wconf 83' lang='lat' dir='ltr'>putabat</span> <span class='ocrx_word' id='word_1_75' title='bbox 275 1739 407 1800; x_wconf 88' lang='lat' dir='ltr'>bellulum,</span> <span class='ocrx_word' id='word_1_76' title='bbox 424 1737 528 1808; x_wconf 83' lang='lat' dir='ltr'>effigiem</span> <span class='ocrx_word' id='word_1_77' title='bbox 543 1739 606 1790; x_wconf 87' lang='lat' dir='ltr'>suam</span> <span class='ocrx_word' id='word_1_78' title='bbox 709 1759 713 1766; x_wconf 86' lang='lat'><strong>·</strong></span> 
     </span>
     <span class='ocr_line' id='line_1_16' title="bbox 74 1810 557 1880; baseline 0 -18"><span class='ocrx_word' id='word_1_79' title='bbox 74 1810 164 1862; x_wconf 73' lang='lat' dir='ltr'>Pistam</span> <span class='ocrx_word' id='word_1_80' title='bbox 175 1811 240 1862; x_wconf 90' lang='lat' dir='ltr'>fideli</span> <span class='ocrx_word' id='word_1_81' title='bbox 250 1813 309 1862; x_wconf 86' lang='lat' dir='ltr'>vidit</span> <span class='ocrx_word' id='word_1_82' title='bbox 322 1815 347 1864; x_wconf 90' lang='lat' dir='ltr'>in</span> <span class='ocrx_word' id='word_1_83' title='bbox 360 1814 475 1880; x_wconf 78' lang='lat' dir='ltr'>Speculo.</span> <span class='ocrx_word' id='word_1_84' title='bbox 490 1813 557 1863; x_wconf 90' lang='lat' dir='ltr'>Nihil</span> 
     </span>
    </p>

    <p class='ocr_par' dir='ltr' id='par_1_6' title="bbox 74 1884 592 1943">
     <span class='ocr_line' id='line_1_17' title="bbox 74 1884 592 1943; baseline -0.004 -7"><span class='ocrx_word' id='word_1_85' title='bbox 74 1885 117 1936; x_wconf 78' lang='lat' dir='ltr'>Ad</span> <span class='ocrx_word' id='word_1_86' title='bbox 125 1885 149 1934; x_wconf 87' lang='lat' dir='ltr'>se</span> <span class='ocrx_word' id='word_1_87' title='bbox 158 1884 260 1936; x_wconf 81' lang='lat' dir='ltr'>attinere</span> <span class='ocrx_word' id='word_1_88' title='bbox 274 1887 323 1936; x_wconf 79' lang='lat' dir='ltr'>tale</span> <span class='ocrx_word' id='word_1_89' title='bbox 332 1886 498 1936; x_wconf 79' lang='lat' dir='ltr'>simulachrum</span> <span class='ocrx_word' id='word_1_90' title='bbox 507 1896 592 1943; x_wconf 84' lang='lat' dir='ltr'>ratus,</span> 
     </span>
    </p>

    <p class='ocr_par' dir='ltr' id='par_1_7' title="bbox 76 1955 619 2171">
     <span class='ocr_line' id='line_1_18' title="bbox 77 1955 619 2018; baseline -0.006 -8"><span class='ocrx_word' id='word_1_91' title='bbox 77 1957 178 2010; x_wconf 80' lang='lat' dir='ltr'>Gaudet</span> <span class='ocrx_word' id='word_1_92' title='bbox 187 1959 313 2015; x_wconf 83' lang='lat' dir='ltr'>videndo;</span> <span class='ocrx_word' id='word_1_93' title='bbox 328 1958 409 2016; x_wconf 89' lang='lat' dir='ltr'>ridet;</span> <span class='ocrx_word' id='word_1_94' title='bbox 426 1971 494 2006; x_wconf 82' lang='lat' dir='ltr'>acres</span> <span class='ocrx_word' id='word_1_95' title='bbox 509 1956 534 2006; x_wconf 74' lang='grc' dir='ltr'>δι</span> <span class='ocrx_word' id='word_1_96' title='bbox 548 1955 619 2018; x_wconf 81' lang='lat' dir='ltr'>iocos</span> 
     </span>
     <span class='ocr_line' id='line_1_19' title="bbox 76 2027 583 2093; baseline -0.01 -11"><span class='ocrx_word' id='word_1_97' title='bbox 76 2032 220 2082; x_wconf 84' lang='lat' dir='ltr'>Subamarus</span> <span class='ocrx_word' id='word_1_98' title='bbox 231 2030 351 2081; x_wconf 71' lang='lat' dir='ltr'>inficetum</span> <span class='ocrx_word' id='word_1_99' title='bbox 362 2031 386 2080; x_wconf 90' lang='lat' dir='ltr'>in</span> <span class='ocrx_word' id='word_1_100' title='bbox 396 2029 497 2080; x_wconf 82' lang='lat' dir='ltr'>Bestiam</span> <span class='ocrx_word' id='word_1_101' title='bbox 505 2027 583 2093; x_wconf 77' lang='lat' dir='ltr'>jacit:</span> 
     </span>
     <span class='ocr_line' id='line_1_20' title="bbox 76 2101 595 2171; baseline -0.004 -17"><span class='ocrx_word' id='word_1_102' title='bbox 76 2104 262 2171; x_wconf 82' lang='lat' dir='ltr'>Industriamque</span> <span class='ocrx_word' id='word_1_103' title='bbox 276 2104 358 2154; x_wconf 81' lang='lat' dir='ltr'>laudat</span> <span class='ocrx_word' id='word_1_104' title='bbox 369 2101 475 2153; x_wconf 80' lang='lat' dir='ltr'>Artificis</span> <span class='ocrx_word' id='word_1_105' title='bbox 490 2117 595 2152; x_wconf 82' lang='lat' dir='ltr'>manum.</span> 
     </span>
    </p>

    <p class='ocr_par' dir='ltr' id='par_1_8' title="bbox 75 2169 782 2317">
     <span class='ocr_line' id='line_1_21' title="bbox 113 2169 782 2244; baseline -0.003 -16"><span class='ocrx_word' id='word_1_106' title='bbox 113 2177 161 2228; x_wconf 88' lang='lat' dir='ltr'>Sed</span> <span class='ocrx_word' id='word_1_107' title='bbox 171 2177 265 2244; x_wconf 75' lang='lat' dir='ltr'>Aliquis</span> <span class='ocrx_word' id='word_1_108' title='bbox 276 2193 284 2228; x_wconf 76' lang='lat' dir='ltr'>t</span> <span class='ocrx_word' id='word_1_109' title='bbox 297 2177 365 2237; x_wconf 83' lang='lat' dir='ltr'>Heus</span> <span class='ocrx_word' id='word_1_110' title='bbox 376 2189 383 2236; x_wconf 70' lang='grc' dir='ltr'><strong><em>ς</em></strong></span> <span class='ocrx_word' id='word_1_111' title='bbox 395 2189 422 2226; x_wconf 91' lang='lat' dir='ltr'>te</span> <span class='ocrx_word' id='word_1_112' title='bbox 433 2211 440 2235; x_wconf 95' lang='lat'>,</span> <span class='ocrx_word' id='word_1_113' title='bbox 459 2175 519 2227; x_wconf 82' lang='lat' dir='ltr'>dixit</span> <span class='ocrx_word' id='word_1_114' title='bbox 529 2209 537 2234; x_wconf 96' lang='lat'>,</span> <span class='ocrx_word' id='word_1_115' title='bbox 548 2169 666 2241; x_wconf 77' lang='lat' dir='ltr'>ignoras?</span> <span class='ocrx_word' id='word_1_116' title='bbox 683 2172 738 2224; x_wconf 79' lang='lat' dir='ltr'>Tua</span> <span class='ocrx_word' id='word_1_117' title='bbox 748 2169 782 2226; x_wconf 83' lang='lat' dir='ltr'>eli</span> 
     </span>
     <span class='ocr_line' id='line_1_22' title="bbox 75 2247 606 2317; baseline -0.011 -15"><span class='ocrx_word' id='word_1_118' title='bbox 75 2251 131 2316; x_wconf 82' lang='lat' dir='ltr'>ipsa</span> <span class='ocrx_word' id='word_1_119' title='bbox 141 2251 193 2300; x_wconf 84' lang='lat' dir='ltr'>haec</span> <span class='ocrx_word' id='word_1_120' title='bbox 203 2251 293 2317; x_wconf 82' lang='lat' dir='ltr'>imago.</span> <span class='ocrx_word' id='word_1_121' title='bbox 310 2247 371 2299; x_wconf 82' lang='lat' dir='ltr'>Crim</span> <span class='ocrx_word' id='word_1_122' title='bbox 382 2247 487 2299; x_wconf 83' lang='lat' dir='ltr'>sensisset</span> <span class='ocrx_word' id='word_1_123' title='bbox 496 2263 606 2312; x_wconf 80' lang='lat' dir='ltr'>asperam</span> 
     </span>
    </p>

    <p class='ocr_par' dir='ltr' id='par_1_9' title="bbox 75 2319 591 2388">
     <span class='ocr_line' id='line_1_23' title="bbox 75 2319 591 2388; baseline -0.008 -14"><span class='ocrx_word' id='word_1_124' title='bbox 75 2324 133 2386; x_wconf 84' lang='lat' dir='ltr'>Vim</span> <span class='ocrx_word' id='word_1_125' title='bbox 144 2324 252 2375; x_wconf 81' lang='lat' dir='ltr'>veritatis</span> <span class='ocrx_word' id='word_1_126' title='bbox 263 2322 349 2373; x_wconf 79' lang='lat' dir='ltr'>Simius</span> <span class='ocrx_word' id='word_1_127' title='bbox 362 2356 370 2382; x_wconf 97' lang='lat'>,</span> <span class='ocrx_word' id='word_1_128' title='bbox 388 2321 435 2388; x_wconf 82' lang='lat' dir='ltr'>jam</span> <span class='ocrx_word' id='word_1_129' title='bbox 446 2334 497 2371; x_wconf 86' lang='lat' dir='ltr'>tum</span> <span class='ocrx_word' id='word_1_130' title='bbox 507 2319 591 2386; x_wconf 88' lang='lat' dir='ltr'>incipit</span> 
     </span>
    </p>

    <p class='ocr_par' dir='ltr' id='par_1_10' title="bbox 75 2392 773 2537">
     <span class='ocr_line' id='line_1_24' title="bbox 75 2392 773 2462; baseline -0.011 -15"><span class='ocrx_word' id='word_1_131' title='bbox 75 2398 195 2447; x_wconf 83' lang='lat' dir='ltr'>Damnare</span> <span class='ocrx_word' id='word_1_132' title='bbox 207 2397 355 2462; x_wconf 80' lang='lat' dir='ltr'>Speculum,</span> <span class='ocrx_word' id='word_1_133' title='bbox 370 2396 434 2461; x_wconf 89' lang='lat' dir='ltr'>quod</span> <span class='ocrx_word' id='word_1_134' title='bbox 446 2392 510 2460; x_wconf 76' lang='lat' dir='ltr'>priris</span> <span class='ocrx_word' id='word_1_135' title='bbox 521 2393 671 2445; x_wconf 79' lang='lat' dir='ltr'>laudaverat.</span> <span class='ocrx_word' id='word_1_136' title='bbox 770 2435 773 2439; x_wconf 92' lang='lat'>.</span> 
     </span>
     <span class='ocr_line' id='line_1_25' title="bbox 112 2467 627 2537; baseline -0.012 -16"><span class='ocrx_word' id='word_1_137' title='bbox 112 2469 161 2534; x_wconf 85' lang='lat' dir='ltr'>Qui</span> <span class='ocrx_word' id='word_1_138' title='bbox 174 2471 314 2520; x_wconf 83' lang='lat' dir='ltr'>Fabularum</span> <span class='ocrx_word' id='word_1_139' title='bbox 325 2470 448 2537; x_wconf 87' lang='lat' dir='ltr'>proprium</span> <span class='ocrx_word' id='word_1_140' title='bbox 458 2467 522 2518; x_wconf 80' lang='lat' dir='ltr'>ndrit</span> <span class='ocrx_word' id='word_1_141' title='bbox 534 2483 627 2533; x_wconf 85' lang='lat' dir='ltr'>genus,</span> 
     </span>
    </p>

    <p class='ocr_par' dir='ltr' id='par_1_11' title="bbox 75 2539 703 2684">
     <span class='ocr_line' id='line_1_26' title="bbox 75 2539 703 2610; baseline -0.006 -16"><span class='ocrx_word' id='word_1_142' title='bbox 75 2544 108 2594; x_wconf 84' lang='lat' dir='ltr'>Et</span> <span class='ocrx_word' id='word_1_143' title='bbox 122 2545 223 2610; x_wconf 82' lang='lat' dir='ltr'>Specule</span> <span class='ocrx_word' id='word_1_144' title='bbox 238 2541 327 2594; x_wconf 78' lang='lat' dir='ltr'>&#39;tundis</span> <span class='ocrx_word' id='word_1_145' title='bbox 337 2543 416 2608; x_wconf 85' lang='lat' dir='ltr'>posita</span> <span class='ocrx_word' id='word_1_146' title='bbox 427 2543 469 2592; x_wconf 85' lang='lat' dir='ltr'>has</span> <span class='ocrx_word' id='word_1_147' title='bbox 484 2539 530 2592; x_wconf 83' lang='lat' dir='ltr'>else</span> <span class='ocrx_word' id='word_1_148' title='bbox 547 2539 703 2597; x_wconf 73' lang='lat' dir='ltr'>meminerits</span> 
     </span>
     <span class='ocr_line' id='line_1_27' title="bbox 76 2613 682 2684; baseline -0.012 -17"><span class='ocrx_word' id='word_1_149' title='bbox 76 2614 133 2682; x_wconf 78' lang='lat' dir='ltr'>Qud</span> <span class='ocrx_word' id='word_1_150' title='bbox 144 2619 191 2668; x_wconf 84' lang='lat' dir='ltr'>tale</span> <span class='ocrx_word' id='word_1_151' title='bbox 203 2617 293 2683; x_wconf 69' lang='lat' dir='ltr'>speslet</span> <span class='ocrx_word' id='word_1_152' title='bbox 304 2627 470 2684; x_wconf 80' lang='lat' dir='ltr'>argumentum</span> <span class='ocrx_word' id='word_1_153' title='bbox 484 2647 492 2674; x_wconf 94' lang='lat'>,</span> <span class='ocrx_word' id='word_1_154' title='bbox 511 2613 641 2682; x_wconf 76' lang='lat' dir='ltr'>intelliget.</span> <span class='ocrx_word' id='word_1_155' title='bbox 679 2641 682 2660; x_wconf 79' lang='lat'>.</span> 
     </span>
    </p>
   </div>
   <div class='ocr_carea' id='block_1_6' title="bbox 99 2757 413 2813">
    <p class='ocr_par' dir='ltr' id='par_1_12' title="bbox 99 2757 413 2813">
     <span class='ocr_line' id='line_1_28' title="bbox 99 2757 413 2813; baseline -0.01 -9"><span class='ocrx_word' id='word_1_156' title='bbox 99 2765 111 2804; x_wconf 77' lang='lat' dir='ltr'>l</span> <span class='ocrx_word' id='word_1_157' title='bbox 123 2757 262 2813; x_wconf 77' lang='lat' dir='ltr'>Rlclre&#39;t,1.lh.</span> <span class='ocrx_word' id='word_1_158' title='bbox 275 2759 326 2805; x_wconf 84' lang='lat' dir='ltr'>vll.</span> <span class='ocrx_word' id='word_1_159' title='bbox 336 2761 385 2802; x_wconf 78' lang='lat' dir='ltr'>Feb.</span> <span class='ocrx_word' id='word_1_160' title='bbox 395 2760 413 2801; x_wconf 90' lang='lat'>1.</span> 
     </span>
    </p>
   </div>
   <div class='ocr_carea' id='block_1_7' title="bbox 0 0 965 3564">
    <p class='ocr_par' dir='ltr' id='par_1_13' title="bbox 0 0 965 3564">
     <span class='ocr_line' id='line_1_29' title="bbox 0 0 965 3564; baseline 0 0"><span class='ocrx_word' id='word_1_161' title='bbox 0 0 965 3564; x_wconf 95' lang='lat' dir='ltr'> </span> 
     </span>
    </p>
   </div>
  </div>
 </body>
</html>
