1928 3554
204 213 704 281 :Lrsannacrmun
757 227 831 303 253

89 331 190 399 Imperii
202 333 307 382 habenas
321 334 471 399 temperabat
483 333 605 399 improbus

90 407 248 456 Dominator.
262 403 363 456 Humilis
376 441 383 466 ,
399 423 425 455 ac
435 407 514 458 tenuis
526 407 705 466 homunculus,

91 479 143 543 Qui
158 492 256 546 gereret
267 481 357 529 animos
373 479 437 528 sorte
450 479 553 544 majores
567 478 606 528 sui
620 512 627 536 ,

90 551 194 602 Tristem
207 587 214 612 ,
233 565 258 602 at
271 553 400 602 verendam
415 553 585 601 immanitatem
596 568 645 600 non
656 551 721 602 tulit.

91 625 224 684 Libertus,
240 626 318 674 omnia
330 625 394 674 forte
404 625 508 674 nondum
520 624 620 690 pristinae

91 697 145 760 Qui
156 699 274 752 servitutis
287 710 426 765 argumenta
439 699 550 746 amiserat
566 731 573 755 ‚

91 771 168 828 Tali,
182 783 300 838 tantoque
312 771 479 836 sempiternam
487 771 583 820 inurere
621 803 626 814 ·

90 842 185 909 Sejano
197 843 310 894 Phaedrus
322 859 393 894 ausus
403 844 436 892 eil
447 844 575 894 infamiam.

130 918 192 966 Nam
203 915 256 966 clim
271 918 312 966 ille
324 917 399 966 lacius
412 916 435 965 in
451 917 502 966 dies
513 917 586 984 magis
596 917 703 967 insolens

91 990 143 1040 Sibi
157 989 291 1055 postulasset
301 989 408 1040 Liuillam
419 1004 519 1040 errrorem
530 991 580 1040 dari
591 1023 600 1048 ‚
638 1012 642 1019 ’

77 1061 202 1128 ,ῑίνίὶῖειη
217 1063 292 1113 Drusi
304 1061 375 1113 filiam
388 1061 545 1120 Germanici,

92 1137 174 1201 Quam
186 1137 272 1187 deinde
284 1138 363 1205 magni
374 1136 449 1188 Caius
465 1135 563 1202 Augusti
578 1149 654 1200 nepos
666 1168 674 1194 ,

90 1209 158 1260 Mox
168 1209 263 1260 Drusus
277 1210 349 1260 etiam
362 1221 431 1258 natus
442 1208 534 1258 Tiberii
544 1210 627 1258 unicus
638 1241 646 1265 ,

90 1282 181 1332 Adbuc
192 1283 253 1332 boni
265 1294 336 1332 aetate
350 1282 444 1331 viduam
459 1283 605 1345 reliquerant
617 1295 624 1327 ι

89 1355 185 1405 Rumor
196 1373 240 1422 per
254 1356 337 1406 urbem
353 1354 383 1404 de
398 1355 460 1403 malo
475 1354 546 1418 huius
557 1352 647 1400 ambito
662 1379 666 1385 -

89 1427 265 1478 Dill'eminatus
277 1424 393 1477 continui>
407 1425 545 1492 percrebuit
557 1442 565 1482 ;

89 1501 257 1566 Plebemque,
272 1501 297 1550 δι
309 1499 427 1551 Proceres
438 1534 446 1558 ,
466 1517 522 1551 rnox
533 1499 558 1549 &
570 1497 646 1563 ipsum
658 1495 793 1562 Principem

89 1573 242 1626 Commovir.
254 1573 363 1624 Hominis
376 1573 512 1640 exagitandi
521 1571 671 1621 commodam

88 1665 104 1695 a
119 1645 285 1698 Occasionem
297 1645 410 1696 Phaedrus
420 1647 481 1695 hanc
493 1658 559 1695 ratus
571 1678 578 1703 ,
597 1644 679 1709 arripit
692 1659 698 1692 :

88 1719 196 1770 Doflam
206 1752 214 1778 ,
232 1719 333 1770 facetam
344 1753 352 1780 ,
368 1719 394 1770 δι
404 1720 540 1788 elegantem
549 1718 652 1768 fabulam
664 1715 677 1764 b

89 1793 247 1844 Concinnat:
262 1794 304 1844 Sol
314 1809 414 1844 uxorem
425 1794 514 1842 ducere
525 1789 589 1858 quod
600 1790 658 1840 velit
670 1821 680 1847 ,

88 1865 170 1916 Ranae
185 1865 277 1916 inducit
288 1878 465 1932 conquerentes
475 1881 529 1912 cum
539 1863 601 1914 Jove
615 1895 624 1918 ,

80 1941 106 1990 ‘F
108 1940 157 1989 uris
170 1938 235 1988 beati
249 1939 342 2003 nuptias
356 1937 465 1985 celebres
481 1948 579 1984 notans.

125 2011 200 2062 Brevi
211 2007 310 2061 rescivit
322 2008 412 2058 crimen
423 2009 514 2056 illatum
525 2005 569 2055 sibi
580 2038 588 2063 ,

88 2085 219 2150 Sensitque
232 2081 353 2148 Sejanus,
371 2079 504 2131 &auclore
518 2077 637 2148 cognito,

89 2177 101 2206 c
117 2157 196 2206 Aliam
209 2157 238 2206 de
251 2155 325 2205 Ranis
334 2155 379 2204 sihi
390 2154 483 2220 Regem
497 2151 651 2218 petentibus,

89 2231 171 2294 Quam
182 2231 215 2278 nil
225 2229 372 2280 dissimulans
381 2228 499 2292 publicam
508 2226 549 2274 ille
559 2225 669 2282 fecerat,

88 2303 210 2352 Fabellam
221 2303 251 2351 ad
262 2303 338 2367 ipsum
349 2301 471 2367 pertinere
482 2295 605 2347 Tiberium

87 2377 106 2426 F
107 2375 169 2426 acile
179 2377 300 2442 probavit.
313 2375 377 2441 Ergo
387 2384 485 2424 accusat
495 2372 557 2420 hunc
567 2384 654 2426 reum,

86 2450 120 2498 Et
131 2450 229 2499 crimine
241 2450 303 2500 laesae
315 2447 447 2514 Majestatis
458 2446 548 2512 alligat.
633 2499 636 2509 y

125 2522 189 2571 ilinc
201 2522 239 2570 illa
251 2521 325 2573 lull'tls
335 2519 476 2588 significatio
486 2531 533 2566 tam
543 2517 658 2580 frequens

87 2594 201 2645 Auiloris
215 2595 311 2655 afflitlh
328 2594 352 2644 ὃ(
367 2609 451 2660 graves
465 2588 630 2656 querimoniae.

113 2751 125 2774 a
139 2736 196 2788 Quas
209 2735 241 2774 hlc
258 2746 340 2779 causas,
360 2745 395 2772 cur
409 2730 513 2789 l'lraeclrum
526 2737 610 2768 vexaret
624 2726 723 2816 Se'qqnps's
740 2729 830 2773 tanqum

88 2795 154 2824 cerras
169 2787 302 2842 exponimus.
324 2783 357 2820 bas
371 2781 484 2829 conjeclura
500 2775 654 2836 ranrbrnnproba
669 2773 692 2814 alr
707 2785 728 2812 ur
745 2770 830 2822 quodam

86 2831 280 2920 nollqpikpdlllbpqql'qr
288 2831 373 2918 &pellas
387 2837 528 2870 commentario
541 2823 667 2874 trintum,

111 2885 182 2970 lirul
193 2927 209 2969 1.
222 2927 268 2968 aab.
282 2927 307 2967 11.
321 2905 328 2919 '
