1928 3554
151 239 226 336 308
281 243 806 316 mast-sormam

148 364 173 414 Si
183 363 262 423 mala,
280 381 333 431 quae
349 364 449 422 dicunt,
463 362 558 413 adversi
572 361 726 414 incommoda
740 363 797 415 Fati

148 435 286 488 Adueniant
297 470 305 496 ,
322 437 358 488 his
371 448 483 488 occursat
494 453 644 504 generosus,
659 435 686 487 δι
696 455 769 504 aequo

147 511 287 577 Responsat
300 511 387 570 vultu,
403 511 429 562 dt
439 511 556 576 praecelso
568 509 645 560 corde
658 511 751 560 resistit
761 527 772 570 ς

149 583 200 634 Aut
208 585 280 635 etiam
293 584 362 650 super
374 583 442 634 instat
452 600 543 650 agens,
561 583 618 632 dum
627 582 728 633 vincere
743 585 846 636 demunt

151 657 239 708 Discat
249 691 257 716 ‚
276 657 303 709 δι
312 657 364 724 ipse
374 652 516 707 suum‘vittis
527 653 653 706 infundere
663 661 767 708 m'orenl.

185 730 290 781 Divitias
305 747 367 798 ergo
377 729 478 796 Sapiens
485 729 587 779 admittit
599 736 610 786 ξ
622 741 647 778 at
656 729 710 780 illas

148 802 228 853 Tecto
241 837 248 864 ,
265 821 314 854 non
327 804 423 861 animo,
439 803 543 868 recipit,
564 802 697 852 liberrimus
708 803 814 870 hospes«

149 875 250 926 Divitiae
260 876 358 927 subsunt
364 877 472 943 Sapienti
481 891 488 926 r
501 873 573 926 servit
583 873 677 926 Avarus

149 948 265 1008 Divitiis,
281 948 334 1017 quis
344 950 364 1001 si
375 949 511 1016 spoliabitur
521 981 529 1008 ,
543 947 621 999 omnia
632 947 730 1014 perdet'.

150 1019 184 1070 lt
194 1036 295 1088 pereant
306 1039 314 1081 ς
326 1023 426 1088 Sapiens
435 1020 480 1072 sibi
489 1021 522 1070 nil
532 1019 625 1086 periilse
637 1022 739 1070 dolebit.

149 1093 245 1145 Ablatae
254 1107 281 1146 ut
289 1095 395 1152 fuerint,
411 1093 456 1160 ipsi
463 1105 544 1142 tamen
555 1094 636 1143 omnia
643 1093 732 1144 restant
744 1099 753 1144 τ’

149 1167 261 1234 Namque
268 1167 310 1218 bas
320 1166 360 1234 qui
371 1166 466 1233 rapuit,
482 1165 515 1215 nil
523 1165 617 1216 abstulit
629 1166 687 1224 ille,
704 1167 750 1216 nisi
757 1165 831 1232 ipsas‘.

185 1241 240 1291 Nec
249 1253 331 1292 tamen
340 1235 381 1291 illa
391 1253 442 1292 tuas
454 1239 533 1308 surgat
541 1239 659 1290 sententia
668 1240 744 1290 menti
756 1254 789 1308 :q

150 1313 268 1368 Humane
280 1314 350 1366 sortis
360 1314 499 1381 Sapientem
512 1313 631 1364 excedere
643 1312 706 1364 fines
870 1365 873 1368 .

150 1385 219 1438 Pbll'e
232 1401 315 1448 ratos,
332 1389 476 1455 penitusque
487 1401 571 1437 omnes
581 1386 725 1454 extinguere
735 1398 832 1445 motus,

150 1457 221 1524 Quos
232 1461 284 1528 ipse
295 1462 383 1512 insevit
394 1462 493 1511 Naturae
503 1460 617 1524 providus
629 1459 732 1511 nudior.

149 1532 250 1584 Nature
260 1535 341 1584 similis
353 1535 472 1584 communi
483 1535 538 1601 lege
548 1533 627 1584 teneri

149 1603 279 1673 Quemque
293 1607 432 1666 bominum,
448 1623 532 1658 verum
542 1606 593 1657 est:
607 1605 705 1656 affectus
718 1620 780 1672 ergo
791 1605 890 1657 rebelles

150 1676 181 1728 Et
189 1679 289 1748 Sapiens
299 1681 390 1744 patitur
397 1699 406 1738 3
419 1681 460 1730 sed
471 1682 496 1730 δε
507 1681 561 1730 illos
571 1696 657 1745 nempe
669 1692 787 1737 coercet,

151 1751 245 1801 Ordine
256 1752 421 1821 prestringens
431 1753 499 1802 recto
510 1770 519 1812 ς
534 1752 675 1819 vinctosque
689 1752 783 1801 catenis
797 1787 807 1811 ,

150 1823 242 1874 Frustra
254 1823 421 1883 eblut‘lentes.
437 1826 536 1884 domet,
554 1827 579 1876 δι
593 1843 765 1877 mansuescere
776 1825 856 1895 cogit,

150 1895 182 1946 Et
193 1897 267 1952 solers
281 1899 352 1950 etiarn
363 1893 466 1950 doiniros
477 1913 600 1967 apponere
610 1903 697 1960 lucro,

151 1969 245 2022 Ritibus
254 1974 368 2025 informat
376 1974 465 2032 variis,
481 1989 582 2041 quorum
593 1974 685 2041 indiget
693 1989 763 2026 usus.

151 2042 223 2094 Hand
233 2047 321 2106 aliter,
333 2049 353 2098 si
363 2049 398 2098 fas
407 2049 479 2098 rebus
492 2063 638 2114 componere
648 2048 721 2098 tantis

150 2116 209 2167 Vile
220 2120 371 2170 ministerium
384 2155 390 2179 ,
407 2121 556 2188 Tygrimve,
573 2121 681 2171 fetumve
692 2119 825 2180 Leonem

151 2188 241 2240 Solerti
252 2193 358 2242 intentus
368 2193 443 2242 studio
456 2227 463 2249 ,
480 2194 596 2243 cicuravit
606 2194 718 2261 Agytta,

150 2261 250 2329 lrasque
264 2265 289 2316 δι
300 2267 388 2316 calidas
399 2266 484 2334 Lybie
492 2267 595 2317 sitientis
604 2283 690 2316 arenas

152 2333 251 2388 Oblitus
263 2340 326 2406 regit
335 2339 437 2404 imperio
448 2373 456 2398 ,
468 2355 602 2406 vocemque
614 2329 725 2406 Magistri

151 2407 249 2460 Noviffe
260 2445 268 2470 ‚
286 2413 446 2478 insertamque
457 2411 494 2460 ori
504 2411 628 2462 assuefecit
638 2413 741 2462 herilem

74 2495 81 2510 ¹
150 2481 209 2532 Non
219 2483 301 2534 laesiffe
310 2501 403 2534 manum
414 2501 423 2541 ;
436 2486 556 2549 perticus
566 2486 686 2551 denique,
701 2481 780 2532 doliis

151 2553 308 2607 Moribuslris
316 2555 379 2606 belli
389 2555 531 2616 infirmius,
549 2575 640 2624 perque
651 2557 730 2607 omnia
741 2551 838 2608 circuit!

152 2627 250 2696 Oppida
256 2629 395 2698 l'raecepror
406 2629 473 2682 ducit
483 2629 582 2684 fastosus
593 2631 711 2682 Alumnos
724 2661 732 2686 ‚

159 2819 165 2832 ι
176 2785 185 2822 r
197 2772 313 2816 Stoicorum·
321 2775 366 2825 hle,
378 2777 400 2816 dr
411 2777 454 2816 aliis
465 2777 578 2828 quibusdam
587 2777 606 2814 ln
616 2775 680 2822 locis,
693 2773 814 2818 molliorum
824 2771 897 2818 serter-

150 2828 230 2880 ttamlex
245 2827 321 2865 unimus
335 2839 339 2863 :
351 2838 394 2865 nam
408 2827 512 2878 rigidiores
526 2837 603 2864 ornnem
611 2826 667 2862 animi
680 2825 771 2865 affectum
778 2830 856 2878 penitus
864 2826 897 2866 effe

151 2881 220 2909 exscrn
234 2872 303 2910 endunt
314 2871 430 2918 sanxerunt;
441 2875 545 2925 Apathlam
560 2885 584 2910 uc
594 2873 695 2911 tentirunt
704 2873 809 2914 instituere
820 2877 897 2916 univer·

201 2931 207 2965 ς
252 2930 282 2956 am
300 2919 369 2958 deinde
383 2923 441 2959 stiam
472 2935 510 2973 rop
546 2885 607 2961 irunt
621 2920 736 2960 Massalianl
752 2923 864 2970 haeretici.
880 2933 898 2962 ut

150 2930 213 3009 ign
237 2967 299 3010 neus
308 2967 429 3019 chouna,
441 2935 487 3011 aiu.
499 2969 524 3011 u
546 2967 718 3019 motusue,
732 2971 787 3023 cas.
796 2971 900 3020 xxxvl.
