1928 3554
244 151 416 224 ersrr
443 171 713 228 oremus,
772 177 849 254 255

102 273 176 342 Saepe
187 277 298 342 repetitis
309 275 398 328 circum
409 277 599 332 abrosasitlibus
611 311 619 337 ,

36 351 38 358 '
103 347 198 415 Stirpes
214 348 343 408 recidunt3
360 350 438 400 donec
453 351 645 418 oppugnantibus

102 419 210 486 lmpulsa
223 423 302 472 ventis
314 424 390 490 fagus
405 423 487 473 infelix
498 436 560 474 ruat.

103 493 169 543 Tum
181 497 272 562 glandis
285 491 319 545 illi
333 496 402 545 facil&
414 496 509 562 quidem
520 508 633 562 quantum
643 498 750 558 volunt,

104 566 245 619 Comedere
255 568 349 635 possunt
363 585 371 619 ε
384 569 423 618 sed
432 571 473 618 ubi
484 583 638 635 consumptus
649 569 695 619 fuit

102 639 241 690 Provensus
252 643 328 692 omnis
340 675 348 700 ,
366 657 415 690 non
424 643 481 692 alias
490 659 583 692 rursum
594 644 668 708 dapes

104 713 250 779 suppeditat
260 717 331 765 arbor
341 715 461 764 exsiccata
472 715 578 765 funditus
590 732 597 765 s

104 785 236 852 Gliresque
247 787 344 837 tandem
355 789 427 854 longa
442 788 517 838 fames
527 787 594 856 cogit
603 785 674 838 mori.

141 858 257 912 benefico
271 861 377 929 ingratus
391 863 447 912 dum
461 877 556 921 uocet,
571 874 646 913 uocet
659 858 713 914 sibi.

108 1003 839 1077 smessiffi-“zms

249 1155 580 1230 FABULA
628 1153 725 1230 ΙΙ.’

382 1325 541 1393 Piscator.
555 1328 572 1376 h

102 1435 172 1550 R
182 1509 243 1546 Ετι
253 1510 271 1547 Α
284 1495 324 1547 sub
335 1513 404 1548 amne
416 1493 524 1546 Piscator
535 1495 699 1562 praepanderat
713 1512 721 1546 :

102 1568 170 1619 Tum
182 1581 256 1620 conto
268 1570 389 1620 instrullus
401 1586 471 1619 omne
486 1571 597 1620 verberat
608 1571 693 1620 vadum
705 1600 713 1628 ,
807 1604 809 1610 -

101 1641 230 1709 Motoque
240 1643 335 1708 penitus
346 1642 421 1692 fundo
433 1643 512 1692 limum
524 1641 631 1708 dissipat.

102 1715 226 1780 Quaesivit
236 1715 320 1782 aliquis
332 1748 340 1773 ‚
359 1717 512 1781 perlucentes
523 1727 593 1765 autea

102 1788 156 1838 Cur
167 1789 202 1840 sic
214 1789 319 1853 liquores
331 1787 466 1838 reddidisset
475 1788 582 1838 turbidos
594 1803 601 1838 s

102 1861 138 1911 Ni
148 1861 272 1918 facerem,
293 1861 351 1910 dixit
362 1876 370 1916 3
383 1876 474 1908 vacuus
487 1860 542 1906 binc
555 1859 636 1908 forsan
650 1859 746 1910 domum

103 1932 231 1999 Repetere
244 1948 317 1998 cogar
327 1948 334 1981 t
346 1931 385 1979 led
395 1930 469 1995 operi
482 1930 536 1977 dum
549 1930 582 1978 sic
595 1929 648 1978 meir

102 2005 229 2056 Turbatur
240 2003 314 2054 amnis
325 2036 334 2061 ,
351 2001 457 2054 Piscibus
465 2003 546 2051 lucem
560 2002 630 2068 eripit
641 2033 649 2061 ,

104 2079 134 2130 ln
148 2079 210 2129 retia
224 2090 251 2128 ut
263 2077 296 2125 illi
310 2089 402 2126 temere
413 2077 520 2140 palantes
534 2087 614 2124 ruant.

142 2152 241 2201 Fabella
256 2149 370 2214 quosdam
386 2148 474 2213 spectat
485 2147 514 2196 ad
525 2147 609 2211 cives,
629 2145 714 2215 quibus

103 2225 126 2278 E
137 2222 284 2274 turbulentis
295 2223 366 2272 rebus
380 2222 482 2289 emergit
494 2221 596 2274 lucrum.

128 2367 141 2404 b
153 2361 258 2414 AEsopus‚
269 2361 317 2403 fab.
330 2360 461 2404 LXXXVll.
