1928 3554
181 233 685 316 iffnnnmmws
750 243 822 315 ms

77 356 121 406 Nil
137 353 230 406 dubitat
240 351 308 402 ilicet
319 352 345 402 δι
356 349 476 416 capessere
489 381 496 408 ,
515 349 540 400 ὅ(
555 347 611 400 frui.

10 430 16 456 ²
78 429 162 479 Herus
178 429 275 477 domurn
289 440 421 484 reversus,
441 439 544 472 vacuum
558 421 638 472 Caseo

78 503 182 568 Repetit
197 500 322 558 catinum,
341 513 479 564 tersumque
500 512 507 546 :
526 495 595 546 dolet
613 511 620 545 ι
638 491 756 561 respicit:

79 576 213 627 Sedentem
228 575 337 624 clunibus
352 571 437 638 aspicit
449 570 549 627 Felem,
568 569 621 635 pii,

77 647 213 716 Blandique
228 647 310 698 vultirs
326 645 397 695 dous
412 642 584 694 dissimulantis

78 722 198 790 Magnum
213 721 368 770 exhibentem
382 717 503 784 specimen
517 715 683 766 innocentie:

80 799 115 846 At
125 795 168 845 iila
179 794 271 862 species
283 829 290 852 ‚
310 793 405 858 inquit,
423 808 471 840 non
486 805 525 840 rne
537 788 646 858 decipit,

10 935 11 938 Ἴ
82 869 209 920 Scelerata
221 884 230 918 ι
242 877 312 919 certo
330 863 418 917 certils
433 881 513 915 meum
528 863 577 914 scio

80 942 119 993 Te
138 940 250 1008 surpuille
266 941 371 1007 opimum
391 940 496 990 Cnseutn
511 937 579 987 mihi.

82 1015 135 1066 luri>
149 1017 214 1065 hunc
229 1013 342 1072 comedi,
361 1013 424 1062 Felis
440 1012 494 1070 ait;
508 1027 555 1060 nec
569 1007 692 1078 poenitet:

82 1090 193 1155 Tuaeque
209 1105 293 1137 munus
308 1087 424 1154 largitatis
439 1084 550 1138 credidis

82 1164 196 1227 Namque
206 1173 246 1210 tua
258 1161 338 1210 sinere
354 1177 402 1209 non
414 1157 493 1226 potuit
508 1155 634 1224 prudentia
646 1188 654 1215 ,

83 1234 273 1287 Custodiendum
285 1234 338 1285 Feli
353 1233 458 1284 Ceseunr
472 1243 499 1282 ut
514 1231 593 1282 dares.

166 1527 477 1606 FABULA
533 1523 750 1602 ΧΧΙΙΙ.
817 1589 820 1592 .

231 1699 341 1800 image
352 1702 511 1796 pic‘lafitb
530 1685 673 1794 Canierd.

88 1810 198 1970 Qut
208 1916 227 1951 n
236 1915 254 1952 n
263 1915 290 1951 ss
298 1902 339 1951 sub
347 1898 397 1952 alti
409 1896 503 1948 cameri
513 1891 740 1962 pluam-imaginent

84 1979 190 2029 Miratus
206 1992 213 2027 s
231 1977 275 2026 illa
289 1986 395 2042 quanto,
414 1971 492 2028 dixit,
509 1965 602 2018 suaviis

85 2053 197 2103 Teneret
211 2045 317 2107 oculos,
337 2049 358 2098 si
371 2061 447 2114 prope
463 2041 565 2093 adstaret
579 2037 655 2096 milri,
677 2103 678 2106 Ἴ

86 2126 150 2190 Qua
161 2136 211 2174 tarn
224 2123 311 2190 procul
321 2132 414 2171 remota
427 2132 476 2169 tarn
489 2113 561 2166 valde
575 2108 678 2180 placet!

85 2199 239 2250 secretiores
254 2209 313 2262 ergo
326 2209 371 2259 per
385 2193 459 2244 scales
471 2189 521 2240 levi

84 2272 196 2324 Ascensu
209 2269 239 2319 ad
253 2260 627 2334 ipsanpervenittestusiaeu:
694 2291 709 2304 n

86 2345 136 2396 Sed
151 2344 231 2395 omnin
241 2341 305 2392 valia
315 2337 464 2390 lineamentis
473 2336 559 2387 videns

86 2417 230 2485 Crassisque
242 2450 249 2477 ‚
269 2413 417 2481 diduttisque
432 2413 456 2462 in
467 2421 592 2464 enormem
599 2404 699 2456 modurn
711 2417 721 2458 t

85 2493 195 2560 Stupet,
210 2491 236 2541 dt
249 2487 359 2557 agnoscit
370 2487 473 2553 denique
486 2498 595 2535 errorem
608 2479 686 2532 suum.

43 2605 46 2610 .
122 2565 204 2631 Quem
217 2563 286 2614 multi
297 2563 322 2610 in
336 2562 386 2612 alto
401 2557 515 2611 collocati
530 2555 634 2606 culmine

86 2639 184 2691 Oculos
199 2638 292 2686 hiantes
307 2633 442 2684 infimorum
457 2630 567 2682 detinent

85 2715 178 2764 Errore
193 2710 302 2766 blando,
321 2723 382 2773 quos
396 2703 493 2774 propiis
507 2704 528 2755 si
542 2698 675 2768 inspexeris
687 2707 698 2760 ,’

86 2785 202 2838 Grandes
218 2786 347 2852 patescent
360 2777 512 2846 turpitudinis
527 2775 613 2828 notaei
637 2781 642 2788 “
