1920 3564
220 169 388 238 Lraan
425 177 719 240 snarrravs'.
773 168 843 241 181

102 282 217 339 Virtutis
224 290 284 341 silet
293 289 414 358 praemium
429 291 474 342 sibi
487 293 577 342 darunt.

104 357 182 422 Quod
193 363 278 428 aliquis
291 365 502 417 animadvertens:
516 365 627 424 Frussra,
649 363 664 414 ὃ
679 364 803 431 pessime,

103 432 161 482 Tibi
176 437 309 501 plaudis,
303 439 402 504 inquit.
418 455 472 488 narn
488 439 542 489 aeris
554 438 617 488 illius
631 437 691 488 sono

103 503 216 574 Quisque
227 510 371 561 admonetur
384 510 415 560 de
429 510 471 561 tui
480 529 553 578 prava
541 511 659 560 indole.

142 579 241 632 Fabella
256 585 372 649 quosdam
387 585 480 650 carpit,
499 597 596 634 vertere
612 589 653 650 qiu
646 581 713 634 sibi

103 651 216 704 Tentaut
230 655 319 708 honoci
331 657 433 707 infame
448 669 543 723 turpem
557 669 649 708 notam.

321 809 324 818 .
453 799 501 874 m
533 806 537 851 Ξ
564 806 585 818 ..
641 807 844 858 ,πώ

214 953 568 1028 annual
634 950 738 1026 In
859 905 865 918 ’

266 1123 417 1194 ffirundo
434 1126 463 1194 Cr
481 1123 691 1194 lusciniam

106 1225 214 1350 One
224 1309 242 1348 τ
251 1309 272 1346 ιι
281 1309 319 1348 ιιι
329 1309 398 1348 aaa
411 1296 479 1352 solita
492 1295 622 1362 quamlibet
634 1294 697 1348 circa
709 1293 805 1349 domurn
840 1317 843 1322 ¹

101 1365 217 1419 Hirundo
234 1387 353 1420 amoenani
367 1369 432 1420 lorti
447 1369 598 1420 solitudinem

101 1437 223 1492 Perierat.
237 1443 274 1493 lbi
284 1442 439 1500 Luscinium,
458 1443 500 1510 qui
508 1445 576 1492 lauro
586 1441 656 1508 super

101 1511 214 1564 Vit‘lrice
229 1514 336 1580 placidus
352 1516 487 1574 otiaretur,
505 1515 608 1565 videns:

101 1583 197 1635 Suaves
210 1591 304 1653 canoro
316 1592 424 1657 gutture
423 1595 449 1641 ie
461 1588 557 1654 quidem
568 1588 700 1638 lerunt'·

100 1656 198 1710 iterare
210 1673 316 1718 cantus
335 1661 412 1712 dixit·
425 1661 458 1710 nil
467 1674 548 1710 tamen
558 1655 700 1710 hellenus

100 1728 234 1795 Ejusmodi
245 1749 277 1782 ex
289 1734 407 1784 reaudire
418 1734 488 1784 nobis
501 1733 624 1800 contigit.

101 1801 159 1869 Ego
170 1802 234 1854 verri
244 1806 333 1872 ubique
347 1822 480 1870 personans
491 1805 558 1854 vocis
573 1822 635 1854 meae

100 1875 225 1944 Impertio
239 1879 325 1930 lubens
336 1878 445 1928 omnssius
461 1877 650 1926 dulcedinem·
692 1925 695 1932 ,

99 1947 137 1998 At
148 1961 181 1998 tu
188 1949 294 1998 canendi
304 1949 428 2016 singularis
439 1945 527 1998 artifex

101 2019 146 2069 Si'
138 2037 195 2085 jure
208 2021 297 2072 diceris
310 2053 317 2080 ,
335 2023 410 2071 urbes
419 2038 462 2070 cur
472 2036 546 2086 porro
557 2017 672 2086 fugis,

100 2083 289 2166 Hominumque
301 2106 396 2144 coetus.
392 2091 403 2126 ⁹
418 2093 458 2142 Ne
467 2091 512 2142 tibi
521 2093 603 2142 laudes
614 2100 706 2158 negent

101 2163 232 2224 Meritas,
249 2163 367 2216 vereris?
384 2182 414 2214 an
425 2177 496 2214 times
509 2161 608 2228 potius,
626 2176 692 2212 tuam
725 2167 728 2174 ’

100 2237 170 2287 Dum
184 2237 302 2288 conscius
313 2236 364 2302 ipse
374 2235 486 2302 agnoscis
496 2234 656 2300 imperitiam,

101 2309 143 2360 Ne
160 2310 232 2362 fortie
248 2325 331 2360 coram
346 2307 465 2374 judicibus
482 2305 575 2356 idoneis

101 2367 199 2432 sistatis
211 2383 370 2440 irridendus,
391 2381 416 2431 δι
427 2379 551 2446 prudens
543 2380 621 2427 lates.
616 2375 628 2410 ⁹

139 2455 242 2506 Retulit
252 2453 397 2504 Luscinius.
409 2453 509 2510 Urbes,
526 2447 670 2501 &homines
679 2447 789 2506 habent,

102 2526 170 2592 Quae
182 2527 245 2576 nnln
257 2527 354 2590 placere
365 2536 500 2606 poterant
493 2534 592 2573 tamen
603 2533 661 2570 ante
670 2535 751 2570 omnia
849 2563 852 2574 ,

101 2599 203 2650 Molles
217 2595 289 2655 beati
297 2597 357 2646 ruris
369 2594 461 2644 deliciae
471 2595 587 2657 placent,
646 2629 648 2636 .

101 2671 166 2722 Δι’
158 2683 230 2721 inter
240 2667 328 2717 illas
304 2683 407 2724 vivere,
423 2665 448 2714 δι
462 2680 522 2712 ιιιοιι
516 2663 608 2712 'velim

102 2744 245 2812 inglorius.
258 2731 362 2816 Huncoe'
374 2755 416 2794 cur
414 2734 501 2797 libeat
511 2749 603 2786 morem
613 2731 696 2802 sequi,

127 2898 141 2923 ιι
156 2881 290 2923 Camerarius
302 2903 307 2927 ,
320 2867 369 2917 Van.
381 2873 520 2920 ccclxiv.
541 2883 544 2890 ·
