1982 3570
270 283 720 363 PRAEFATJO,
813 286 866 383 vij

115 409 250 492 gallicam
262 414 496 474 commoratione
506 413 583 494 apud
597 415 676 494 ipsos
684 409 789 475 Gallos
800 407 868 472 diua

114 491 194 567 tini,
207 493 459 556 &exercitatione
468 493 558 578 longi
567 497 715 576 propriam
726 495 781 554 sibi
810 514 868 554 uo*

118 572 280 634 dammodo
300 585 361 635 non
380 574 567 650 reddiderit,
598 589 628 634 at
648 592 684 636 ex
701 569 766 634 solis
784 575 804 634 li
826 578 867 639 rit

117 657 304 736 perceperit;
322 651 390 717 isin
410 679 428 717 o
453 676 501 718 ere
517 657 676 739 praesertim
692 655 781 737 paulo
797 651 868 714 lon*

117 737 201 818 giore
217 737 330 797 mendis
346 679 492 800 interdum
508 736 633 797 ridiculis
650 736 730 797 illam
745 733 867 797 inficiata

159 813 243 877 Tum
256 817 361 878 deinde
370 818 461 881 velint
472 818 667 898 considerari,
721 817 751 878 id
760 816 867 878 Paulus

118 895 290 974 Manutius,
308 899 377 982 quid
395 897 679 961 Marcus-Antonius
735 913 833 960 uretus
853 941 866 973 ‚

121 975 177 1059 (ut
192 979 264 1040 alios
282 982 446 1062 complures
462 980 619 1064 omittam)
637 981 765 1064 legendo
776 997 805 1040 at
847 999 868 1042 e
919 1007 922 1014 Δ

117 1061 260 1122 imitando
271 1060 414 1124 Auclores
429 1063 575 1126 latinitatis
590 1063 741 1144 optimos,
782 1083 814 1121 ro
830 1081 867 1122 e«

119 1142 222 1202 cerint.
245 1141 303 1202 Hic
322 1142 455 1225 epistolas
472 1190 482 1219 ,
499 1141 549 1205 ille
568 1145 736 1217 orationes,
753 1083 867 1204 limma

118 1221 208 1281 ambo
225 1224 292 1283 curi
307 1240 394 1307 atque
408 1223 565 1298 industrii,-
582 1223 764 1306 scripserunt.
780 1219 867 1302 Quid

117 1320 210 1384 porro·
227 1303 372 1386 contigit?
391 1320 545 1384 utrumque
560 1303 654 1364 fetum
664 1303 744 1363 annis
760 1303 866 1362 abhinc

119 1382 254 1443 ducentis
273 1382 377 1444 eruditi
393 1383 531 1444 Lectores
547 1383 743 1458 evolverunt,
763 1384 796 1442 δι
813 1380 869 1441 add

17 1453 20 1458 ¹
118 1466 215 1524 mirati
224 1461 305 1524 sunt:
320 1461 421 1525 Critici
430 1463 544 1548 sagaces
554 1459 755 1536 excull'erunt3
773 1463 805 1524 &
817 1465 867 1546 qui

118 1544 292 1606 latinitatem
308 1543 338 1606 in
355 1546 442 1630 pletis
464 1566 501 1606 ue
517 1561 684 1630 argentea,
703 1563 790 1627 quam
808 1566 869 1607 voa

120 1642 200 1699 cant,
211 1629 301 1686 artatis
309 1567 502 1709 Scriptorilsus
509 1627 630 1708 ,paulirm
641 1624 739 1686 istatu
769 1623 869 1690 ristino

119 1706 316 1778 declinantem
331 1708 615 1782 animadverterant,
629 1709 680 1770 vix
729 1710 736 1722 '
799 1727 869 1782 arn,v

119 1787 203 1870 quod
217 1809 278 1849 non
292 1805 408 1850 aetatem
421 1810 538 1851 auream
553 1791 675 1850 omnino
694 1788 767 1849 redo
780 1804 843 1848 etet
852 1830 870 1863 ,

119 1871 150 1929 in
159 1867 214 1928 hac
225 1872 305 1930 omni
314 1867 468 1952 scriptione
479 1869 744 1952 deprehenderunt.
760 1867 808 1930 Ne
849 1887 869 1930 e

120 1947 322 2030 objiciendum
338 1951 424 2012 nobis
441 1950 503 2025 est,
521 1951 600 2011 illam
609 1953 703 2032 ipsam
721 1971 784 2011 non
798 1951 808 2008 i
828 1970 873 2010 o*

61 2055 73 2071 ,
120 2050 247 2091 neorum
258 2029 314 2092 effe
325 2029 455 2112 judicum
472 2032 738 2113 approbationem3
759 2031 869 2113 quippe

121 2115 171 2252 Ἑὶ
183 2128 244 2172 tam
255 2132 349 2174 errare
359 2116 389 2173 in
406 2110 590 2196 dijudicandi
599 2111 761 2186 latinitate,
780 2109 870 2194 quim

122 2194 129 2208 '
157 2194 163 2207 '
182 2195 212 2252 in
222 2192 310 2254 latine
324 2191 498 2268 scribendo,
517 2195 668 2276 potuerint
680 2213 687 2252 ε
699 2193 729 2253 in
740 2211 772 2253 re
789 2193 869 2254 enim

120 2270 346 2352 hujuscemodi,
366 2295 429 2356 quae
445 2277 591 2335 rationem
606 2273 759 2334 hominurn
774 2293 807 2334 ac
825 2272 872 2332 di-

120 2354 271 2438 ligentiam
282 2355 401 2422 minime
411 2352 544 2436 superat,
561 2356 648 2416 errari
657 2353 791 2414 universe
800 2356 872 2414 totis

122 2433 255 2496 ducentis
273 2437 375 2510 annis,
394 2435 553 2498 verisimile
571 2429 704 2498 nonest.
724 2433 819 2514 Quod
837 2449 871 2496 ut

123 2514 312 2578 confirmetur
330 2535 416 2578 exem
437 2517 497 2592 lis,
526 2537 626 2578 nonne
637 2515 701 2576 ‘hos
718 2517 794 2576 intra
813 2514 871 2576 du-

123 2613 227 2660 centos
237 2617 329 2660 annos
338 2539 575 2680 stiluslipsianus
585 2643 595 2672 ‚
607 2618 695 2680 quem
705 2593 799 2658 statim
809 2618 872 2658 arn·

143 2677 870 2760 lexatisunrimitatorespessimicomplures,mox

123 2781 140 2820 a
178 2761 257 2821 eritis
270 2757 413 2841 judicibus
427 2759 504 2829 rede
520 2759 670 2820 damnante
686 2757 750 2820 est?
769 2779 870 2824 nonne

122 2782 302 2915 Tlluanum‚
319 2861 419 2904 nonne
429 2840 582 2916 stradam,
600 2861 699 2902 nonne
710 2839 781 2901 alios
793 2885 802 2915 ,
821 2841 871 2920 qui

121 2924 209 3002 tantis
220 2923 345 3004 primum
359 2922 490 3000 laudibus
505 2925 621 3004 excepti
636 2919 769 2995 fuerant,
786 2918 870 3002 poll·

121 2995 246 3066 modion
256 3003 487 3078 animadversum
499 3002 539 3065 est
557 3049 567 3080 ,
587 3025 649 3065 non
658 3001 714 3066 effe
723 3001 871 3062 latinitatis

725 3107 744 3143 a
758 3106 789 3144 ιν
