1928 3554
187 247 261 322 262
311 250 429 326 Fra.
455 249 808 320 AEsonarnurt

129 431 134 436 ,
182 371 319 424 Videantur
331 367 387 420 olim
398 367 467 417 sociis
478 369 642 429 antecellere,

180 443 253 494 Brevi
265 444 312 492 hoc
328 441 439 507 exemplo
450 457 512 490 nunc
524 441 579 490 mihi
591 443 741 506 probandum
756 439 837 498 venit.

218 516 281 566 Tres
291 517 315 566 in
325 514 401 564 culini
411 514 465 572 dum
474 514 503 562 ad
512 513 593 564 focum
603 516 690 565 cubant
699 516 784 570 Canes

180 589 304 656 Tempore
315 587 426 643 hiemali,
443 601 538 652 quartus
553 603 584 636 en
594 586 731 654 supervenit
742 607 754 648 3
790 627 798 636 .

182 663 232 728 Qui
248 659 301 711 clun
313 659 421 710 relit‘lum
436 659 548 709 idoneum
560 661 640 709 locum
654 661 699 711 sibi
720 691 724 698 ·

181 737 280 786 Nullum
294 733 408 792 videret,
422 733 483 782 hanc
499 732 621 784 adinvenit
633 733 695 784 viam

181 809 207 858 ld
220 806 364 865 obtinendi,
385 806 449 872 quod
462 805 559 855 volebat
571 820 578 856 ε
592 805 615 856 se
630 806 694 857 foras
730 813 734 818 '

178 879 292 946 Repente
305 879 407 946 proripit
415 895 424 938 ;
442 878 467 930 ὃ(
482 881 551 946 quam
564 877 669 928 maximis
684 877 765 946 potest

177 953 298 1006 Viciniam
310 969 405 1002 omnem
415 964 554 1004 commoret
563 952 686 1007 latratibus
697 969 706 1006 r

179 1025 274 1090 Quibus
289 1025 406 1082 excitati,
425 1025 465 1092 qui
480 1026 599 1075 cubabant
610 1025 640 1074 ad
655 1025 761 1086 focum,

178 1097 262 1148 Statim
277 1097 414 1148 allatrantes
430 1109 520 1146 exeunt
531 1110 576 1151 :at
588 1097 627 1148 hic
641 1097 711 1149 simul

178 1172 196 1223 F
199 1170 269 1223 urtim
283 1169 399 1238 regreffus
412 1169 436 1219 in
451 1170 571 1230 culinam,
590 1187 660 1238 quem
676 1173 760 1223 locum

179 1245 229 1297 Sibi
242 1244 367 1295 arbitratur
379 1244 615 1303 commodissimum,
632 1258 746 1312 occupat.

215 1318 332 1368 Animalia
344 1331 424 1368 autem
434 1315 589 1382 hujusmodi,
605 1316 657 1384 quis
672 1319 706 1368 est
718 1317 811 1386 sophus

177 1389 227 1454 Qui
239 1391 385 1457 persuadere
399 1389 493 1456 possit,
511 1389 640 1456 nihiloplus
654 1390 727 1441 meris

176 1463 313 1514 Automatis
328 1465 410 1529 sapere
424 1461 434 1512 i
454 1463 474 1512 si
488 1461 616 1520 Cochlea,
634 1466 676 1514 vel
688 1463 806 1516 ostreum

174 1537 295 1586 Dicanrur
309 1535 355 1586 effe
370 1536 484 1586 machine
498 1535 644 1595 versatiles,

174 1609 259 1660 Parum
271 1611 401 1678 repugnem
414 1623 421 1658 ε
433 1607 536 1663 nostrum
547 1621 573 1657 at
581 1608 645 1658 hunc
656 1608 767 1669 Canem,
787 1606 833 1662 satis

174 1682 264 1734 Furtim
275 1681 390 1730 inservire
400 1681 531 1731 commodis
541 1693 589 1730 tam
601 1681 711 1731 callidum
723 1713 733 1741 ,

174 1755 325 1804 Normannus
337 1769 364 1801 ac
376 1753 396 1801 si
405 1765 529 1804 veterator
537 1771 555 1820 p
565 1753 648 1820 aliquis
659 1755 746 1818 foret,

174 1826 327 1892 Quicumque
338 1825 408 1874 lensu
419 1824 554 1876 destitutum
565 1825 671 1887 dixerit,

172 1899 281 1953 Rationis
293 1915 378 1967 expers
389 1899 440 1967 ipse
450 1898 570 1950 videbitur
579 1899 646 1954 mihi.

5 2117 6 2126 ἵ
177 2037 901 2116 «πιδηᾼἫΕ-ε-ῡ

101 2139 103 2146 ’
313 2190 622 2270 annona
680 2192 768 2272 xa

274 2364 375 2434 Canis
390 2365 562 2436 Venaticus
578 2366 608 2433 θ
623 2365 775 2436 Molossi.
792 2384 811 2446 t

167 2465 254 2590 Ea·
265 2551 355 2595 cursu,
372 2533 398 2586 δι
409 2506 457 2586 astu
467 2535 574 2604 superior
582 2535 719 2591 venaticus

166 2607 287 2674 Leporem
296 2609 426 2660 excitatum
436 2611 534 2660 latibulo
546 2610 610 2676 cepit
621 2609 708 2666 canis.

166 2679 273 2734 Praedam
285 2682 360 2734 statim
371 2699 458 2735 vorare
470 2684 582 2735 suadebat
592 2683 666 2736 fames
678 2699 687 2740 t

186 2841 201 2876 Ρ
214 2826 300 2878 Qualem
308 2830 391 2878 Cicero,
400 2831 425 2870 de
431 2831 486 2871 finib.
494 2832 567 2871 bonor.
577 2829 599 2868 dt
606 2829 678 2872 maior.
689 2829 735 2870 Lib.
745 2827 774 2872 11.
784 2827 838 2880 Cap.
848 2819 907 2865 XV!-

134 2885 140 2888 ’
163 2884 259 2914 memorat
269 2887 274 2913 :
286 2875 356 2917 Omnia
367 2881 436 2919 callidi
446 2881 555 2932 referentem
566 2881 593 2918 aa
603 2879 723 2929 utilitatem,
736 2889 829 2926 acutum,
843 2887 906 2914 vrrs·-

164 2933 217 2969 ram,
231 2934 363 2964 veteratorem.

187 2985 199 3024 q
212 2971 351 3023 Camerarius,
362 2973 411 3019 ru.
424 2973 628 3024 ccccxxxvul.
