1928 3554
209 232 624 316 Arrenvrm
736 269 813 346 φρ

67 345 107 401 Ac
117 351 212 401 turbam
222 354 280 406 ludo
291 355 390 407 solemni
402 359 480 426 pascit
488 360 593 420 hiantem
607 396 615 422 ,

70 423 187 490 Hincque
197 427 267 477 etiam
278 430 343 480 dulci
357 431 428 482 sentit
440 433 463 484 se
475 451 606 502 augescere
620 437 718 504 quaestu.

110 497 204 549 Crebra
217 502 326 554 homines
341 509 447 572 quamvis
455 507 565 575 infligant
574 511 676 573 yttinera
688 547 695 571 ‚
711 518 770 569 nulii

71 569 175 621 Pervius
187 572 220 622 est
230 576 320 626 animus
331 579 450 644 Sapientis
463 596 471 631 z
484 583 571 648 quippe
583 583 648 634 feriri

72 645 119 694 llie
131 647 229 710 potest,
240 640 323 715 nequit
334 651 424 701 offendi
435 687 442 712 ‚
456 654 560 721 undique
571 668 655 716 tutus,
672 659 697 710 δι
707 661 764 738 ipsis

72 717 120 768 Par
131 718 229 792 Superis
240 757 248 782 ,
259 724 310 772 'nisi
321 723 385 790 qudd
394 727 511 788 moriendi
526 729 581 796 lege
592 727 700 796 tenetur.
714 739 715 742 ’

71 791 147 842 Hunc
156 793 274 854 animunt,
287 797 346 846 dixit
354 798 447 864 quidam
457 800 488 850 de
495 799 582 853 Gente
591 803 727 869 Sophorum
736 844 744 876 ,

72 863 186 914 Membra
196 869 291 932 quidem
300 871 419 922 inciusum
431 874 565 934 cohibent3
583 888 609 925 at
620 877 708 940 semine
719 885 791 939 vitam

71 937 189 1005 Undique
204 941 324 994 subnixam
336 946 461 997 immortali
476 945 566 999 ducere
581 948 634 1000 sete

74 1010 195 1063 Conscius
203 1015 244 1064 ille
255 1017 316 1076 sibi,
333 1019 462 1070 retinentia
472 1021 567 1071 vincula
578 1023 690 1088 perfert,

73 1083 196 1152 Liberque
205 1087 297 1140 intered
306 1092 413 1156 perituro
426 1094 450 1143 in
462 1111 560 1144 carcere
570 1111 665 1163 regnat.
681 1091 683 1093 ’

73 1157 113 1207 Ac
122 1157 143 1206 ti
152 1159 207 1224 quid
214 1164 256 1230 ¹uel
264 1164 329 1214 fraus
337 1166 459 1216 hominum
467 1167 602 1233 importuna
612 1202 620 1228 ,
636 1171 676 1219 ve'l
687 1189 756 1228 acres

74 1229 220 1296 Morborum
225 1239 340 1302 appulsus
349 1252 450 1303 potuere
460 1239 567 1306 indigere
582 1241 660 1290 damni
670 1275 677 1300 ,

74 1303 185 1364 Carcer,
200 1324 248 1358 non
257 1309 347 1359 enimus
357 1311 467 1368 damnum
475 1313 522 1362 hoc
536 1313 705 1380 quodcumque
716 1327 819 1394 recepit,

74 1375 190 1427 Extrema
199 1377 326 1432 hec'mera
338 1383 389 1450 etit
400 1385 475 1436 omnis
486 1383 625 1454 pertingere
635 1387 728 1442 tannim

74 1448 122 1506 Vis
130 1449 178 1500 hirc
187 1469 262 1524 usque
271 1456 349 1524 potest
358 1474 367 1516 ;
379 1455 447 1508 'ultra
459 1459 478 1508 si
487 1459 589 1508 tendere
599 1471 676 1512 certat
685 1495 694 1522 ,

71 1521 188 1591 pffendtt
199 1525 295 1589 solido,
309 1532 568 1598 tetroqueremirtitur
581 1531 651 1584 idus.

114 1596 140 1645 Si
150 1609 229 1664 tamen
240 1603 361 1670 appetitur
371 1605 476 1672 graviori
486 1607 586 1656 vulnere
597 1607 696 1672 petius,

74 1668 177 1732 Nature
191 1679 271 1724 motus'
282 1674 379 1741 paulum
394 1679 474 1728 laxare
488 1677 592 1738 fideles,

76 1741 206 1808 ingemere
217 1778 225 1804 ,
237 1763 267 1797 ex
277 1751 353 1800 oculis
364 1751 437 1800 etiam
447 1751 574 1813 demittere
583 1753 664 1814 fletum
675 1786 683 1812 ,

77 1815 181 1866 Servati
190 1820 326 1886 gravitate,
341 1822 400 1873 iicet
412 1841 419 1873 r
433 1824 473 1874 sed
482 1827 583 1880 vulnera
597 1823 729 1894 quanquam

76 1887 249 1951 Crudescunt,
265 1903 365 1952 contra,
385 1896 417 1944 oh
432 1895 438 1943 !
452 1911 483 1959 ne
494 1897 603 1962 corporis
613 1899 660 1946 ulla
669 1902 781 1969 voluptas
789 1940 799 1972 ,

76 1961 135 2025 Ipso
144 1979 231 2029 nempe
240 1965 304 2013 malo
312 1963 383 2029 peior
390 1967 507 2016 medicina
516 2001 525 2032 ‚
540 1979 649 2037 paretur·
727 1975 729 1979 '

76 2034 182 2095 Ludius,
203 2037 272 2104 plaga
282 2037 371 2096 seron
392 2040 432 2088 ubi
446 2055 518 2089 verus
534 2056 542 2088 c
558 2041 670 2091 mollibus
684 2045 720 2096 uti

77 2106 173 2158 Parcite
184 2108 297 2160 fomentis
309 2125 316 2160 t
329 2112 432 2160 curanda
444 2111 547 2162 severitis
553 2113 597 2162 iila
608 2113 651 2164 est.

114 2181 169 2230 Nec
179 2183 239 2240 tibi,
256 2186 406 2250 quantumvis
416 2197 486 2234 atrox
495 2186 550 2234 hinc
564 2187 618 2249 inde
630 2189 746 2244 malorum

33 2308 35 2312 ,
76 2253 189 2319 impellat
199 2257 291 2314 rabies,
309 2258 391 2308 veniat
403 2269 451 2307 tam
463 2258 512 2306 dira
524 2260 628 2324 cupido,

78 2325 115 2376 Ut
126 2327 212 2377 miseri
223 2330 317 2378 demum
328 2330 413 2381 statuas
427 2331 547 2381 excedere
560 2348 575 2378 a
587 2331 635 2380 viti
647 2366 654 2391 ,

78 2397 245 2466 Dejet'tttaque
253 2403 332 2451 animo
340 2419 457 2470 properes
469 2403 585 2454 arcessere
597 2407 710 2468 mortem,

77 2471 226 2522 Versenrem
237 2476 273 2526 his
280 2474 351 2526 terris
359 2488 386 2526 te
397 2477 446 2526 noli
458 2477 559 2527 credere
568 2491 647 2546 totum

79 2544 132 2594 Effe
143 2546 178 2595 tui
188 2545 246 2611 juris
258 2563 265 2597 ε
276 2567 324 2616 non
332 2547 379 2598 hde
388 2551 440 2599 sine
450 2551 545 2600 numine
556 2551 646 2600 Divitm

77 2617 171 2668 Venisti
183 2636 191 2676 ,ε
209 2617 307 2685 neque‚'
325 2623 474 2690 si-renuant,
491 2624 556 2672 exire
567 2623 658 2673 licebit.

79 2688 147 2754 Quid
158 2684 264 2756 prositve
272 2695 334 2742 m'ori
341 2693 353 2742 'i
369 2695 426 2744 Non
434 2696 514 2764 'omnis
522 2709 601 2745 morte
612 2694 719 2762 peribi33

79 2761 186 2832 Parsque
200 2764 235 2814 tui
244 2768 345 2826 melior,
360 2769 470 2838 resoiuto
483 2762 604 2835 corpore,
622 2770 689 2821 vivet
697 2788 706 2830 3

104 2927 117 2952 a
129 2912 205 2954 cicero
216 2915 240 2954 dc
251 2915 327 2955 Sene&-
337 2915 390 2968 Cep.
402 2915 451 2954 XX.
465 2916 487 2956 V
485 2927 525 2954 etet
533 2915 655 2971 Pythagoras
665 2919 740 2967 iniussu
753 2923 817 2976 Impe-

79 2964 150 3002 ratoria
161 2988 167 3011 ,
180 2965 201 3002 td
211 2967 235 3016 cst
245 2967 288 3004 Dei
294 2992 302 3013 ,
314 2967 337 3005 dc
347 2967 437 3016 presidio
448 2963 467 3006 fit
475 2967 559 3018 statione
569 2970 614 3008 vita
624 2970 719 3014 decedere.
