1920 3564
210 271 382 339 Lauare
412 286 672 340 occursus,
737 291 810 362 209

71 384 166 454 Regni'
160 393 273 442 incolas:
286 392 372 444 Adesse
383 409 477 459 pompae
488 390 583 442 funebri

71 455 122 524 Qui
135 465 225 524 volet,
244 467 375 516 acceleret.
388 467 474 516 Nullus
485 482 534 514 non
546 498 554 524 ,
576 464 616 515 vel
626 463 721 524 adfuit,

69 534 120 585 Vel
131 537 257 586 excusavit
267 555 310 604 per
320 539 380 593 alios
391 539 532 589 absentiam.

68 605 179 658 Turbam
192 622 219 659 ut
232 610 383 677 frequentem
398 607 476 669 vidit,
496 611 607 678 ingentes
621 607 711 661 Leo·

69 677 164 732 Causas
180 681 278 732 dolendi
292 683 475 752 praesignificare
492 685 601 733 omnibus

68 751 158 820 Longo
173 753 266 822 ejulatu
281 757 377 822 coepit..
394 756 484 806 addere
498 755 598 816 Aulici,

69 823 174 892 Parique
191 827 255 878 luilu
264 829 358 878 ludium
372 819 452 897 Regis
459 829 584 895 prosequi.

107 899 179 952 Unus
194 913 233 951 tot
245 903 309 954 inter
317 902 388 952 fletus
399 902 494 958 lietibus
505 902 606 952 abstinet

70 969 178 1025 Cervus.
191 971 240 1024 Sibi
250 991 352 1042 namque
366 974 472 1026 meminit
482 991 582 1025 uxorem
593 973 650 1024 feris

70 1045 158 1111 Nuper
174 1045 268 1098 Leaenae
282 1049 421 1098 devoratam
437 1047 557 1098 dentibus.

69 1116 206 1180 Advertit,
223 1121 254 1170 ¹&
270 1120 387 1172 astuantis
403 1121 456 1171 Rex
470 1117 512 1170 irae
527 1121 666 1187 impotens*

69 1191 111 1240 Sic
127 1209 188 1260 ergo
204 1193 296 1244 nostros
308 1195 464 1244 concelebras
479 1192 575 1254 lustum*
593 1191 646 1244 ait'

69 1261 146 1314 Potes
161 1265 208 1316 elle
221 1263 307 1316 laetus
300 1285 325 1316 m
339 1265 425 1316 dolore
439 1263 561 1332 publico²
654 1307 658 1316 .

68 1336 103 1386 At
119 1355 170 1388 non
186 1329 277 1389 Leo'nis
289 1331 467 1396 vindicabitur
461 1349 523 1424 imp
510 1349 552 1388 otu

68 1409 133 1459 Tam
148 1423 221 1479 turpe
237 1413 349 1462 crimen.
362 1413 424 1462 ruite
443 1412 467 1460 in
483 1412 598 1478 impium,
615 1406 677 1476 Lupi
687 1413 707 1472 5'

66 1483 256 1551 Reginaeque
234 1486 278 1551 pris
293 1485 406 1536 Manibus
421 1485 517 1534 inferias
530 1485 594 1535 date.

104 1557 174 1606 Nihil
189 1559 282 1608 moveri
296 1559 361 1608 visus
375 1558 405 1609 ad
419 1558 495 1608 tristes
510 1558 603 1616 minas,

65 1629 109 1680 Sic
125 1628 221 1697 placide
236 1647 330 1680 causam
347 1631 441 1682 Cervus
458 1632 537 1682 oravit
549 1631 633 1680 suam:
760 1647 777 1678 x

65 1701 124 1752 Rex
135 1719 240 1772 magne,
255 1704 310 1754 satis
325 1703 358 1754 est
372 1704 445 1756 launi
460 1706 539 1756 datum
554 1703 667 1754 hardbertus
679 1717 703 1763 ;'

64 1775 182 1843 Recepta
196 1775 264 1827 Caelo
274 1777 333 1828 flere
348 1796 392 1829 nos
403 1781 465 1829 ultra
479 1790 548 1828 vetat

63 1848 175 1916 Augusta
186 1848 292 1916 Conjux.
311 1851 420 1916 Namque
436 1847 491 1900 dum
506 1862 614 1914 ereptam
629 1845 685 1896 mihi

64 1922 181 1976 Uxorem
195 1938 302 1989 queror,
321 1923 348 1972 ὅ(
360 1923 450 1974 Mortis
465 1922 644 1971 inclementiam

63 1995 185 2054 Accuso,
203 1996 273 2045 inane
285 1993 360 2044 luetur
373 1995 402 2043 ad
420 1993 549 2050 solatium,
541 2010 548 2022 ·

64 2067 127 2120 Vidi
138 2067 249 2118 Leaenam
261 2085 332 2117 curru
345 2067 466 2119 sublimem
479 2065 549 2132 rapi,

64 2141 186 2208 interque
199 2140 316 2190 collocari
329 2140 432 2192 caelestes
443 2141 527 2192 Feras.

66 2213 229 2280 Quapropter
239 2213 323 2262 alacris
337 2210 436 2263 laetitia'
429 2229 477 2277 lam
487 2227 532 2262 nos
547 2209 629 2260 decet

64 2286 121 2336 Hac
139 2287 223 2338 fraude
236 2281 316 2351 lepida
326 2283 378 2334 Leo
392 2281 500 2350 placatur
517 2283 648 2338 credulus3

64 2359 223 2427 Recreatque
238 2359 322 2418 dono,
343 2353 474 2407 destinebat
488 2373 557 2424 quem
574 2353 638 2404 neci.

103 2433 197 2484 Amant
208 2427 344 2489 Potentes,
362 2449 414 2498 quae
430 2432 493 2480 canit
504 2427 609 2478 adulatio
621 2461 629 2485 ,

63 2505 186 2572 Licetque
197 2505 256 2556 falsa
266 2499 394 2588 judicent,
410 2501 466 2556 rard
475 2503 658 2569 improbant.

66 2653 93 2694 Ja'
91 2652 188 2692 iiustli
190 2650 232 2689 0.tb
241 2648 324 2689 Rhetor.
338 2649 399 2689 Tam
411 2666 428 2692 ι
442 2659 487 2702 pag.
500 2659 544 2699 747
558 2639 810 2698 cujusetiamverbaplu-

66 2703 116 2742 runa
129 2699 272 2760 usurpavimus
