1982 3570
236 297 670 372 Lauan.eu1uus;
767 313 821 391 17

66 450 814 534 «εξ-τ-ᾞμὲ--ὲ--ω--εῦ

176 605 539 684 -FABULA
587 605 697 683 XV.

296 777 412 866 -Lupus
427 775 600 867 punimus.

63 877 156 996 Μ
168 957 262 999 onte
277 948 411 1008 scelestos,
428 966 458 1000 ac
474 949 549 1000 vitam
566 947 702 1005 nefariam,

63 1015 200 1072 Instiuetus
217 1023 274 1072 olim
290 1023 348 1074 tristi
363 1023 526 1089 poenitentii,

63 1088 217 1144 Abominari
235 1095 334 1147 fortiter
351 1098 426 1164 coepit
443 1097 536 1164 Lupus.

63 1161 235 1218 crudelitatis
253 1169 309 1221 aetiu
325 1170 419 1236 semper
433 1171 527 1238 abripi,

63 1235 181 1291 Fervete
199 1242 294 1309 semper
311 1259 393 1295 amore
411 1245 482 1295 cedis
498 1241 592 1309 impio,

64 1308 129 1362 Haec
146 1313 204 1364 vita
218 1332 269 1364 non
288 1315 338 1374 est,
356 1315 434 1380 inquit
451 1333 459 1374 ;
478 1332 537 1381 ergo
552 1316 622 1364 aliam
636 1315 704 1366 lubet

64 1382 186 1436 vivendi
206 1388 315 1454 regulam
336 1387 460 1454 experiri,
479 1386 603 1436 affedibus

65 1454 166 1526 Legem
187 1459 333 1511 immodestis
352 1477 466 1528 ponere,
486 1459 599 1512 converti
617 1459 695 1510 bonas

64 1529 106 1580 Ad
122 1531 197 1598 pacis
215 1547 280 1584 artes
297 1546 369 1602 atque
388 1533 596 1593 mansuetudinist
696 1573 703 1582 .

65 1601 188 1656 Pecudes
205 1608 343 1675 lanigeras,
357 1608 416 1658 mite
433 1607 459 1658 δι
477 1607 607 1658 innocuum
624 1612 723 1674 genus,

67 1673 159 1730 Placet
180 1679 287 1740 imitari,
308 1681 335 1734 dt
349 1681 443 1732 illarum
462 1681 611 1734 commercio

66 1749 265 1805 Deformitatem
286 1754 409 1824 corrigere
427 1753 513 1806 nostra
532 1754 629 1806 indolis.

68 1821 116 1873 llis
134 1825 226 1887 uuis,
244 1827 309 1879 rena
324 1829 404 1880 tendit
417 1829 449 1878 ad
470 1827 552 1879 ovium
570 1843 690 1896 gregem,

69 1893 138 1948 Bene
157 1913 241 1952 certus
257 1901 329 1951 animi
347 1899 404 1966 (sic
421 1902 547 1952 videbatur
560 1901 627 1969 sibi)

69 1969 128 2022 Non
146 1970 225 2030 modd
242 1990 326 2024 create
346 1974 380 2024 nil
398 1975 471 2033 mali,
491 1986 517 2024 at
535 1973 607 2024 etiam
626 1970 674 2024 suis

72 2039 153 2096 Probe
173 2047 272 2103 mutatis
288 2047 330 2096 has
347 2063 460 2098 recreare
477 2046 593 2098 motibus.
778 2101 782 2108 ‚

73 2109 129 2168 Heu
150 2117 158 2168 l
178 2131 268 2188 quanta
285 2121 323 2170 vis
339 2119 373 2171 est
393 2137 474 2186 pravae
494 2115 696 2170 consuetudinis!
802 2187 806 2192 .

75 2187 185 2243 Gentem
202 2193 244 2242 ille·
261 2193 378 2258 placidam
396 2194 437 2246 viu
452 2191 550 2260 propiis
568 2192 728 2260 inspexerat,

75 2261 148 2316 Simul
166 2267 215 2316 iras
232 2277 331 2316 veteres
347 2265 419 2315 sentit
436 2267 617 2324 exardescere3

76 2334 147 2388 Simul
165 2339 310 2406 imperiosos
325 2336 428 2404 impetus
446 2337 551 2405 sequitur
566 2338 673 2396 volens,

77 2405 252 2478 Praedamque,
271 2429 341 2478 quam
359 2412 408 2462 sors
426 2410 511 2477 objicit
528 2411 645 2477 primam,
663 2407 737 2476 rapit.

110 2483 210 2535 Fabella
226 2485 393 2544 demonstrat,
409 2485 519 2536 homines
535 2484 644 2547 multos,
660 2497 726 2536 meta

77 2553 146 2618 Quos
161 2559 287 2625 turpitudo
304 2559 399 2609 sceleris
415 2561 428 2608 i
447 2559 537 2608 scelere
552 2569 658 2620 avocat,
766 2579 768 2584 ·

77 2626 216 2685 Occasione
231 2631 322 2684 retrahi
336 2632 367 2683 ad
383 2631 462 2683 scelus
477 2629 543 2684 dart.

357 2811 530 2896 timu*
