1920 3564
203 223 674 288 LrnnnocrAVv-S.
733 227 807 302 205

56 345 123 396 Non
134 341 203 412 posse
214 339 261 408 jam
272 342 356 391 revelli
367 357 407 390 eas
419 338 548 404 intelligit,

60 419 135 483 Quin
151 418 204 482 ipse
219 415 304 463 Murus
319 427 386 479 parte
402 411 530 462 labes-adius
545 408 578 460 sui

62 491 171 555 Maiore
184 522 190 546 ‚
207 486 246 536 vel
258 488 387 536 inclinetur
400 520 406 544 ,
422 488 462 534 vel
475 485 545 534 etiam
558 493 630 532 ruat:
653 495 657 502 ·

61 566 181 629 Ideoque
193 597 199 619 ,
220 562 327 610 damnum
338 577 368 608 ne
383 559 478 608 eveniat
489 553 563 621 majus
575 588 582 613 ‚
600 555 705 611 timeus,

62 634 288 694 Malumdirimere
299 650 348 681 non
359 632 432 682 audet
442 629 621 680 commercium.

104 711 181 758 Hunc
194 708 272 756 fabula
287 717 388 762 monet,
406 703 510 770 quisquis
525 702 590 752 ardlo
605 702 629 750 se
644 698 700 748 sinit

63 784 180 832 Temere
194 779 286 846 alligari
301 778 421 828 societatis
435 777 543 826 vinculo.

72 933 806 1008 c--e-s--m-esst‘t‘nrssffl

182 1089 213 1160 F
240 1088 275 1161 A
301 1087 331 1158 Β
359 1089 395 1160 U
418 1089 450 1161 L
477 1087 512 1160 A
571 1085 649 1161 VI
674 1083 705 1158 Ῑ.

231 1292 232 1296 ’
294 1259 590 1347 Sitiziolidthra.
649 1203 651 1209 '

72 1371 150 1484 Pu
158 1447 181 1482 n
191 1446 207 1482 c
217 1445 280 1482 rar
289 1443 306 1482 ο
314 1441 336 1480 tt
349 1431 405 1482 olim
416 1429 516 1496 diligens
527 1427 572 1478 sibi
581 1425 684 1476 traditos

70 1509 101 1558 ln
114 1507 263 1572 disciplinam
275 1505 385 1554 Simiolos
397 1503 537 1552 instruxerat

70 1581 186 1630 Moribus
199 1577 302 1630 honestis
315 1595 323 1628 r
335 1589 432 1643 tamque
443 1577 512 1625 mites
524 1607 531 1633 ,
551 1575 577 1626 δι
587 1574 697 1639 probos,

69 1654 104 1702 Et
114 1663 279 1716 temperantes
291 1651 430 1702 essaenos
442 1649 543 1700 credidit
556 1680 564 1706 ,

69 1728 109 1776 Ut
119 1742 171 1776 non
185 1724 296 1775 dubitirit
308 1724 362 1774 illos
373 1723 480 1772 Domino
491 1721 571 1770 sistere
583 1753 591 1778 ,

71 1800 179 1865 Sperana
195 1798 337 1854 Lucellum,
356 1796 472 1846 industriae
487 1795 601 1844 videlicet

73 1872 206 1928 Frudium,
226 1871 250 1935 tc
264 1871 371 1927 laboris,
387 1869 410 1918 se
422 1880 575 1932 recepturum
589 1866 654 1914 iore.

73 1945 125 1996 Sed
142 1944 272 1994 intromissi
288 1939 342 1992 crim
358 1937 426 1990 litere
443 1940 527 1988 helluli

73 2019 196 2069 Minervae
209 2016 305 2068 Alumui
316 2047 323 2074 ,
342 2013 405 2064 forte
417 2011 545 2080 sepositum
555 2008 641 2057 vident

74 2091 177 2142 Plenum
189 2089 257 2156 Pyris
271 2079 394 2137 canillrum
407 2120 414 2144 ,
432 2085 476 2142 δι,
492 2076 583 2148 abjetlir
594 2078 663 2130 simul

75 2165 152 2216 Omni
166 2161 296 2220 modestia,
317 2177 365 2210 uno
380 2159 468 2225 pariter
481 2158 572 2222 impetu

74 2239 155 2296 llluc,
169 2235 289 2301 cupiditas
301 2231 348 2299 qud
361 2230 546 2286 trahamini,
562 2237 635 2276 ruunt
645 2243 663 2284 ,’

74 2311 232 2376 Praedamque
244 2341 251 2366 ,
267 2307 337 2356 foedis
348 2306 419 2353 etiam
431 2303 535 2352 rixantes
545 2298 622 2348 modis
637 2329 645 2354 ,

74 2385 209 2450 Diripiunt.
223 2380 271 2430 Hic
287 2378 425 2446 Magistrum
441 2375 536 2442 penitus
548 2369 622 2422 afficit

74 2459 157 2508 Dolor
172 2456 265 2523 pudore
275 2453 361 2502 mixtus
373 2449 507 2516 :ingemuit
522 2447 612 2502 misen

75 2531 107 2580 Et
120 2547 127 2581 t
142 2532 223 2587 Arte,
242 2527 319 2584 dixit,
336 2527 470 2590 expellatur
487 2521 613 2586 quilibet,

54 2660 58 2669 ,
76 2605 171 2654 Tamen
182 2602 196 2650 lr
207 2611 316 2650 recurret
327 2615 402 2664 usque
412 2595 499 2647 vitiosa
509 2593 614 2643 indoles.

100 2753 113 2792 t
125 2749 234 2792 Horatius,
247 2747 292 2786 Lib.
303 2745 319 2785 1.
330 2745 390 2796 Epist.
401 2742 427 2780 X.
436 2742 464 2780 V.
474 2752 506 2788 24.
520 2750 626 2792 quanquam
638 2735 694 2773 sensu
705 2732 784 2774 diverso
796 2745 803 2771 c

174 2797 268 2838 Naturam
280 2794 368 2846 expelles
377 2792 448 2840 inicia
464 2801 528 2828 tamen
539 2800 600 2840 usque
611 2791 708 2824 recurret.

614 2970 616 2974 ,
629 2922 642 2982 l
