1920 3564
191 239 366 309 ‘Ltaan
395 251 696 314 sancimus·
749 243 825 339 -185

79 359 145 411 Tam
160 361 306 423 delicatam,
321 375 418 430 reputat
432 363 492 422 illa;
512 364 538 416 δι
548 364 656 433 singulos

83 431 194 500 Superba
205 437 304 487 omittit.
320 437 419 487 Interim
433 435 480 487 alid
492 435 595 486 Piscium
618 439 623 454 '

82 507 130 558 Sua
144 510 240 559 turbam
251 511 357 568 levitas,
373 523 415 560 aut
429 509 502 560 libido
513 510 627 578 pervehit
639 527 650 571 3

82 579 192 648 :ibitque
203 593 298 649 tempus
310 601 318 642 ;
335 583 361 634 dt
372 583 510 648 supervenit
521 584 597 635 fames

82 654 227 708 Immodica.
238 657 301 711 Vilis
312 673 341 706 ac
352 657 451 721 pusillus
464 656 548 706 Gobio

81 726 157 777 Tunc
171 727 236 778 lorti
249 737 318 779 caeno'
329 745 435 780 emersus
448 727 495 779 hdc
505 721 647 800 adtentigat.

81 799 201 851 Advertit
212 803 277 852 omni
288 819 364 852 vacua
377 801 424 868 jam
435 801 527 853 fastidio

82 872 167 924 Ardea
177 890 188 933 3
205 874 306 944 latisque
318 875 341 926 se
351 875 446 927 beatam
457 874 594 936 existimet,

81 945 188 996 Donate
203 949 282 1000 ventri
292 950 364 999 talem
375 949 395 999 si
406 949 509 1015 praedam
520 961 604 1016 queat·

81 1019 181 1071 Hiantis
193 1038 253 1090 ergo
264 1015 331 1072 soliti
340 1019 515 1089 longitudinem

81 1092 202 1144 Demittit
212 1095 236 1144 in
248 1112 319 1162 aquas
330 1089 407 1146 subitd
419 1113 425 1147 :
439 1095 478 1146 sed
489 1094 586 1146 citatior

82 1165 196 1217 Aviditas
210 1166 298 1236 frangit
312 1169 388 1218 omnis
403 1169 451 1218 vim
467 1167 570 1218 solertiae
583 1185 592 1225 ς

81 1240 230 1306 Vadumque
240 1242 321 1292 turbat
332 1238 423 1291 tannim
433 1242 545 1291 aberrans
556 1241 669 1304 impetus·

81 1311 132 1362 Hic
144 1313 225 1362 moesta
237 1312 363 1378 quidquam
374 1311 457 1379 perlici
469 1311 534 1378 polle
544 1311 625 1361 Ardea

82 1385 233 1451 Desperata
247 1385 377 1452 infelixque
393 1387 448 1435 litus
464 1383 572 1435 deserit:
632 1386 637 1394 “

83 1459 205 1509 Abscedit
217 1492 225 1518 ,
243 1459 267 1509 dt
279 1459 386 1508 limacem
398 1453 422 1509 in
433 1454 576 1508 immundum
587 1449 690 1514 incidit}
737 1503 739 1508 ,

81 1533 215 1598 Ipsumque
229 1563 237 1590 ‚
255 1531 345 1596 sprevit
355 1549 407 1598 quae
419 1527 523 1598 optimos
538 1529 640 1588 Pisces,
654 1536 736 1580 vorat.

121 1604 171 1654 Sua
183 1605 223 1670 qui
235 1604 368 1654 fastidiosus
379 1606 470 1671 respuit
480 1605 543 1654 bona
555 1637 563 1662 ,

83 1671 181 1731 Meritd
192 1677 233 1727 ille
247 1694 330 1745 paenas
345 1677 421 1730 stultae
430 1678 470 1728 dat
485 1675 610 1746 superbiat.

82 1789 820 1893 ‚ffiass-Qt--ssssoes

192 1933 839 2053 unuuuAXIM'-

276 2205 280 2212 .
384 2129 527 2215 Asellum
563 2163 566 2170 ’
757 2122 760 2131 ¹

86 2250 174 2375 Oe
183 2328 199 2368 ι
207 2289 253 2368 stt
265 2310 375 2385 Maronis
386 2271 481 2384 quidam
491 2313 588 2366 Asellus
598 2309 689 2380 repetit
700 2326 711 2374 a
760 2347 763 2354 -

81 2393 159 2444 Simul
173 2387 335 2456 improbavit,
352 2402 427 2458 atque
438 2390 565 2456 discerpsit
578 2388 673 2453 jocans·

118 2463 282 2518 Audasiorem
294 2465 416 2548 stupiditas
430 2463 546 2516 criticum
561 2461 630 2517 iacit·
