1920 3564
154 291 232 366 224
258 275 353 342 Fan.
375 275 513 342 AEsop.
540 273 628 342 Lan.
656 287 857 342 ocwvn

154 399 194 448 Ab
209 396 318 464 inquieto
329 397 418 446 liberet
429 396 518 446 erroris
531 406 617 454 metu,

154 471 311 538 Omnemque
323 483 393 521 cetto
401 469 493 537 judicio
504 484 554 518 rem
569 466 646 518 finiat.

191 544 266 598 Haud
279 546 359 602 tenuit
373 543 478 610 Aquila:
489 543 534 595 hos
546 542 570 591 in
584 541 759 592 Columbulam
775 539 843 594 simul

154 617 252 686 Defigit
266 620 368 675 oculos,
382 617 490 682 aspicere
500 615 563 666 Solis
578 614 657 666 facem

155 691 263 742 Rutilum
273 691 380 741 irretotti
392 691 432 757 qui
444 691 535 739 valent.
548 687 674 755 Postquam
684 689 742 740 satis

157 764 266 816 Pemidit
277 765 356 815 omnia
368 763 454 823 ello,
472 762 547 820 dixit,
563 762 668 828 optimus

156 838 226 889 Toto
241 838 344 906 vigescit
359 837 444 888 succus
457 837 482 886 in
495 837 641 901 corpusculo
654 851 662 886 ι

139 911 252 963 ’Ἔοτιιιεε
267 911 365 963 decenti
374 926 478 962 veneres
488 925 537 960 non
547 909 635 960 desunt
647 909 695 959 suae
705 941 714 969 ‚

156 987 246 1037 Nitore
261 986 368 1044 blando,
384 982 552 1048 munditiisque
562 982 684 1049 simplices
696 997 704 1032 a

158 1057 277 1123 Quaedam
292 1071 318 1107 at
333 1075 379 1108 nec
393 1050 481 1106 absunt
496 1056 651 1122 negligentia
666 1075 678 1106 e
694 1055 780 1116 mala,

158 1132 224 1194 Quae
242 1130 350 1181 delicatis
365 1145 473 1196 asperam
489 1128 631 1180 censoribus

97 1233 100 1246 ·
159 1206 252 1254 Creare
268 1203 361 1272 possint
373 1219 470 1254 nauseae
484 1200 627 1254 molestiam.

159 1278 298 1346 Plumisque
310 1311 318 1337 ,
331 1279 464 1344 pennisque
478 1276 557 1326 varius
572 1278 642 1328 color
652 1273 764 1336 insidet,

159 1352 243 1417 Quem
258 1369 316 1404 cura
328 1352 421 1411 facilist
438 1351 463 1402 &
477 1349 590 1401 naturalis
603 1351 680 1402 decor

160 1427 294 1477 Concentu
304 1426 382 1477 amico
396 1426 427 1475 ad
441 1423 584 1493 elegantiam
596 1423 713 1476 instruunt
727 1439 736 1477 ι

159 1500 195 1550 At
210 1498 350 1549 suavitatem
363 1500 436 1563 paulo
452 1497 597 1548 concitatior

159 1572 286 1636 Animaret
297 1572 387 1621 utinam
398 1571 474 1622 virtus
485 1603 493 1630 ,
513 1569 538 1620 δι
548 1587 664 1636 nusquam
675 1586 758 1621 aureae
772 1563 776 1570 ’

159 1643 343 1695 Mediocritatis
356 1643 437 1696 lumen
452 1645 636 1712 elanguesceret
651 1642 658 1694 Ι

160 1717 261 1767 imbelle
272 1715 392 1774 rostrum,
413 1717 438 1768 Bt
452 1717 569 1768 innocens
582 1747 590 1775 5
605 1717 680 1770 rixam
691 1715 774 1785 fugit,

159 1788 330 1856 Parabilesque
341 1822 348 1848 ,
368 1789 394 1841 &
404 1791 490 1840 obvios
499 1787 592 1840 tantiam
604 1788 671 1840 cibos

161 1864 285 1914 Adhibere
297 1863 384 1914 novit:
396 1861 437 1913 sed
447 1861 576 1914 animosius
588 1863 661 1912 velim

160 1936 358 1988 Convertetetur
368 1936 393 1986 in
404 1953 474 1987 omne
486 1936 583 1987 noxium
594 1951 669 2002 pecus
681 1950 691 1992 ς

160 2010 194 2061 Et
205 2011 227 2060 in
239 2011 346 2061 ciborum
359 2010 452 2060 delestu
466 2010 558 2075 cupiam
568 2025 686 2076 quoque,

163 2082 254 2135 Gustus
269 2083 359 2134 adesset
371 2083 463 2133 dotlior
478 2083 602 2149 sagacitas.

125 2190 129 2196 ·
198 2157 272 2206 Hunc
284 2168 312 2206 tu
325 2168 425 2214 tamen,
440 2156 479 2222 pia
492 2155 593 2214 Mater,
612 2153 717 2223 gaudeas
732 2150 792 2206 licet

163 2227 280 2280 Genuiffe
294 2229 368 2278 talem
383 2228 512 2281 :Candida
526 2229 590 2280 tatio
600 2241 688 2288 vetat,

161 2302 268 2354 Maculis
283 2300 374 2354 offendi
386 2303 486 2372 paucis,
501 2303 571 2370 plura
585 2301 641 2354 dum
655 2302 746 2354 nitent.

186 2463 197 2492 a
209 2443 317 2494 Phaedrus,
330 2423 376 2489 ui.
389 2449 426 2489 ιιι.
439 2448 487 2488 ιιι.
501 2447 563 2488 νιιι.
578 2448 607 2487 v.
619 2459 652 2508 ,¹t·

262 2497 296 2541 Tu
306 2497 388 2538 formam
400 2510 425 2538 ne
437 2507 554 2548 corrumpas
566 2507 659 2548 nequtuae
672 2497 736 2538 malle.

486 2641 584 2840 ἕ
